3492 5358
792 486 1015 552 ..66-

313 669 411 774 Ουοᾱ
433 691 474 760 οἳ
492 695 552 783 γὰρ
582 697 641 762 hoe
664 717 730 762 uno
754 697 823 763 loco
845 697 978 781 positum
1002 704 1063 781 est,
1093 691 1159 760 εἴθε
1190 697 1274 781 apud
1297 697 1490 763 Herodotum

318 803 444 868 omnino
467 823 529 867 non
552 803 674 887 legitur,
697 809 770 869 ute
793 823 922 868 numero
944 803 1024 868 nihil
1046 803 1144 888 possit
1166 801 1281 886 colligi.
1319 805 1400 869 Nolo
1414 824 1489 870 uero

318 908 475 974 affirmare
499 903 538 971 αἲ
557 908 617 995 γὰρ
639 910 690 975 uel
714 904 744 972 εἰ
766 910 827 996 γὰρ
850 908 936 993 apud
950 910 1041 974 Iones
1055 909 1161 974 Nostri
1183 910 1373 992 temporibus
1394 910 1489 976 fuisse

316 1015 455 1098 uulgare.

305 1182 308 1189 .
406 1122 566 1186 Postremo
589 1122 657 1188 loco
680 1121 721 1186 de

610 1264 1206 1379 Perseosiurouieus

317 1447 364 1506 est
387 1440 560 1523 agendum:
592 1441 649 1506 sed
672 1460 712 1506 ne
733 1440 786 1506 hic
809 1440 936 1522 quidem
958 1441 1028 1525 plus
1051 1460 1114 1505 una
1136 1441 1236 1523 forma
1258 1460 1384 1525 possum
1408 1461 1488 1506 com-

315 1567 497 1613 memorare.

405 1686 499 1752 ὑπέκ.
554 1688 604 1752 ΙΙΙ
638 1689 701 1753 116
729 1685 858 1772 λέγεται
892 1685 927 1752 δὲ
958 1684 1043 1750 ὑπὲκ
1075 1696 1138 1751 τῶν
1169 1696 1298 1775 γρυπῶν
1329 1686 1488 1774 ἁρπάζειν

315 1792 370 1879 (sc.
393 1794 449 1857 τὸν
469 1792 595 1879 χρυσὸν)
624 1785 853 1880 Ἀριμάοπους
883 1792 1001 1877 ἄνδρας
1030 1793 1304 1880 μουνοφθάλμους.
1350 1794 1488 1860 Sicinius

316 1900 516 1964 Homericam
540 1899 617 1964 dicit
638 1900 833 1983 particulam.
880 1900 924 1966 df.
948 1902 977 1962 E
999 1900 1072 1967 854.
1104 1904 1140 1962 Ν
1159 1902 1210 1966 89.
1239 1902 1363 1966 0628.
1393 1898 1488 1968 137.

317 2029 341 2087 μ
368 2008 439 2072 107.
464 2003 598 2092 (μ175).
644 2005 782 2071 Uerbum
805 2005 966 2090 aptissime
988 2006 1008 2073 l.
1022 2007 1042 2073 l.
1066 2007 1259 2090 estpositum
1274 2008 1314 2072 ab
1328 2006 1486 2072 Herodoto

316 2112 371 2196 (=
397 2109 468 2174 ἀπὸ
489 2119 554 2173 τῶν
576 2119 706 2198 γρυπῶν
727 2110 964 2199 ὑπαρπάζειν);
996 2132 1078 2194 nego
1102 2132 1175 2178 uero
1199 2111 1371 2193 quidquam
1393 2113 1426 2176 in
1450 2132 1486 2176 eo

315 2237 384 2283 esse
415 2217 530 2301 poetici
562 2226 617 2282 aut
655 2217 860 2301 imitationem
897 2208 1011 2283 debere
1043 2218 1137 2282 statui
1168 2218 1382 2301 Homericam,
1414 2219 1487 2283 licet

317 2324 443 2407 saepius
465 2343 567 2405 neque
590 2322 676 2407 apud
699 2325 846 2388 Nostrum
875 2325 998 2406 legatur
1020 2343 1121 2405 neque
1150 2323 1236 2408 apud
1265 2324 1363 2388 alium
1393 2325 1486 2407 scrip

316 2436 424 2495 torem.
484 2431 522 2494 In
560 2430 737 2514 compositis
773 2430 1054 2512 frequentissimum
1095 2436 1141 2495 est
1177 2431 1263 2514 apud
1297 2429 1488 2496 Herodotum

313 2535 419 2613 ὑπεπ,
445 2535 530 2618 quod
552 2542 658 2601 tamen
682 2536 762 2601 alius
784 2537 848 2602 fere
872 2536 1093 2602 esserationis
1116 2536 1263 2604 concedo.

308 2758 311 2764 ,
403 2679 453 2743 De
475 2678 636 2744 uocabulis
661 2698 742 2760 quae
766 2698 833 2743 esse
848 2678 992 2743 dicuntur
1006 2677 1091 2762 apud
1105 2677 1297 2743 Herodotum
1310 2678 1485 2745 Homericis

315 2785 473 2850 hacteuus.
518 2785 598 2851 Sunt
620 2791 784 2869 praeterea
807 2786 956 2851 nonnulla
978 2805 1060 2867 quae
1082 2805 1104 2850 a
1121 2786 1235 2851 Nostro
1257 2791 1404 2870 putantur
1418 2805 1486 2850 esse

315 2911 332 2956 e
354 2897 517 2975 poetarum
539 2911 597 2956 usu
620 2895 738 2976 posita,
761 2911 951 2973 quamquam
965 2892 1119 2957 Homerus
1140 2891 1180 2956 iis
1202 2898 1258 2956 aut
1280 2892 1405 2957 omnino
1424 2912 1486 2957 non

313 2998 409 3061 utitur
432 3004 486 3062 aut
515 3018 577 3063 non
606 2999 700 3081 plane
729 2998 800 3080 pari
828 2998 958 3065 ratione.
1003 2997 1091 3076 Quae
1121 2998 1265 3082 exempla
1288 2997 1399 3063 eodem
1421 2998 1486 3062 iam

313 3103 421 3168 ordine
445 3110 539 3185 atque
561 3103 667 3187 priora
691 3103 965 3170 considerabimus,
1010 3104 1165 3189 Incipiam
1188 3104 1284 3187 igitur
1306 3125 1327 3169 a

728 3289 1066 3361 NOMINIBUS.

398 3414 582 3503 Ἀμαζονίς.
621 3423 723 3488 1X27
750 3416 822 3486 ἔστι
847 3420 883 3486 δὲ
906 3422 981 3509 ἡμῖν
1002 3417 1093 3509 ἔργον
1116 3412 1151 3485 εὖ
1175 3416 1245 3503 ἔρον
1266 3419 1324 3486 καὶ
1337 3419 1370 3498 ἐς
1386 3416 1497 3503 'Apa'

315 3523 442 3607 ζονίόυς
464 3529 534 3609 τὰς
548 3526 618 3591 ἀπὸ
634 3526 864 3614 Θερμώδοντος
885 3538 1039 3609 ποταμοῦ
1061 3525 1256 3611 §graiorum
1278 3526 1354 3592 κοτὲ
1377 3526 1412 3604 ἒς
1430 3539 1486 3615 γῆν

312 3634 370 3719 τὴν
391 3627 552 3721 Ἀττικήν.
607 3634 734 3700 Sieinii:
768 3626 1008 3716 ,,Ἀμαζονίόες,
1039 3635 1198 3719 poetische
1227 3636 1417 3701 Nebenform
1447 3655 1484 3699 zu

309 3732 498 3822 Ἀμαζόνες.
545 3742 640 3807 Sensi
661 3742 702 3806 ist
724 3733 897 3823 Ἀμαζονίς
927 3741 1023 3826 auch,
1053 3742 1114 3807 wie
1142 3737 1321 3818 Αἷθιοπίς,
1348 3740 1482 3830 Θηβαΐς,

315 3842 454 3935 &eruic
481 3840 599 3925 Ἰλιάς,
632 3848 688 3913 der
718 3849 801 3913 Τίτε]
832 3849 918 3913 eines
948 3849 1096 3932 epischen
1126 3847 1322 3915 Gedichtes.“
1373 3849 1485 3913 Rarior

311 3954 391 4019 haec
414 3953 538 4019 uidetur
561 3974 630 4020 esse
652 3956 766 4020 forma:
797 3955 854 4020 sed
878 3975 932 4020 our
953 3956 1077 4039 poetica
1107 3975 1181 4020 usus
1211 3974 1279 4020 esse
1308 3954 1485 4020 Herodotus

311 4060 353 4124 sit
380 4060 537 4142 putandus
567 4060 695 4126 difficile
726 4066 772 4126 est
801 4061 974 4145 intellectu,
1004 4081 1195 4144 quamquam
1224 4062 1323 4127 uerba
1351 4067 1423 4126 sunt
1452 4060 1484 4125 in

312 4166 453 4232 oratione
475 4166 721 4234 Atheniensium.
817 4228 820 4233 ,

401 4305 474 4394 dion.
521 4310 537 4373 I
563 4310 625 4374 136
648 4307 744 4371 τοῦδε
767 4305 805 4372 δὲ
827 4307 933 4371 εἵνεκα
955 4318 1050 4372 τοῦτο
1075 4309 1156 4372 οὕτω
1179 4311 1346 4387 ποιεῖται,
1370 4308 1424 4372 ἵνα
1446 4302 1485 4397 ἢν

313 4410 462 4500 ἀποθάνῃ
484 4413 646 4501 μηδεμίαν
669 4411 751 4503 ἄσην
772 4418 820 4498 τῷ.
842 4412 946 4503 πατρὶ
969 4414 1166 4503 προςβάλλῃ.
1212 4415 1265 4481 Ad
1295 4436 1376 4498 quae
1405 4415 1483 4480 Stei-

312 4519 383 4583 uius
397 4520 516 4584 monuit
525 4519 617 4584 haee:
633 4517 719 4607 „dap
732 4522 792 4603 eig.
802 4521 1012 4606 ,‚Uebelkeit“,
1027 4542 1154 4605 nausea,
1168 4523 1280 4589 iibertr.
1291 4522 1483 4606 ‚‚Schmerz“,

311 4646 469 4692 aerumna.
522 4627 591 4690 Das
620 4627 708 4691 Wort
740 4627 779 4692 ist
806 4629 954 4713 poetisch.
1007 4629 1136 4713 Sappho
1165 4630 1215 4695 Fr.
1242 4631 1258 4694 1
1292 4630 1358 4691 παῖ
1388 4625 1481 4706 Διός,
