<?xml version="1.0" encoding="UTF-8"?>
<!DOCTYPE html PUBLIC "-//W3C//DTD XHTML 1.0 Transitional//EN"
    "http://www.w3.org/TR/xhtml1/DTD/xhtml1-transitional.dtd">
<html xmlns="http://www.w3.org/1999/xhtml" xml:lang="en" lang="en">
 <head>
  <title>
</title>
<meta http-equiv="Content-Type" content="text/html;charset=utf-8" />
  <meta name='ocr-system' content='tesseract 3.04.00' />
  <meta name='ocr-capabilities' content='ocr_page ocr_carea ocr_par ocr_line ocrx_word'/>
</head>
<body>
  <div class='ocr_page' id='page_1' title='image "./deuocabulisquae00frgoog_0079.png"; bbox 0 0 3492 5358; ppageno 0'>
   <div class='ocr_carea' id='block_1_1' title="bbox 752 481 976 545">
    <p class='ocr_par' dir='ltr' id='par_1_1' title="bbox 752 481 976 545">
     <span class='ocr_line' id='line_1_1' title="bbox 752 481 976 545; baseline 0 -19"><span class='ocrx_word' id='word_1_1' title='bbox 752 481 976 545; x_wconf 76' lang='grc' dir='ltr'><strong><em>-χο-</em></strong></span> 
     </span>
    </p>
   </div>
   <div class='ocr_carea' id='block_1_2' title="bbox 258 691 1451 2162">
    <p class='ocr_par' dir='ltr' id='par_1_2' title="bbox 258 691 1451 2162">
     <span class='ocr_line' id='line_1_2' title="bbox 281 691 1450 778; baseline -0.001 -19"><span class='ocrx_word' id='word_1_2' title='bbox 281 693 505 778; x_wconf 85' lang='lat' dir='ltr'>„erspriessen“</span> <span class='ocrx_word' id='word_1_3' title='bbox 528 692 580 757; x_wconf 95' lang='lat' dir='ltr'>uel</span> <span class='ocrx_word' id='word_1_4' title='bbox 608 691 835 775; x_wconf 81' lang='lat' dir='ltr'>„erwaohsen“.</span> <span class='ocrx_word' id='word_1_5' title='bbox 886 691 996 756; x_wconf 87' lang='lat' dir='ltr'>Paullo</span> <span class='ocrx_word' id='word_1_6' title='bbox 1026 692 1132 775; x_wconf 84' lang='lat' dir='ltr'>aliter,</span> <span class='ocrx_word' id='word_1_7' title='bbox 1164 691 1221 757; x_wconf 87' lang='lat' dir='ltr'>sed</span> <span class='ocrx_word' id='word_1_8' title='bbox 1252 692 1297 757; x_wconf 90' lang='lat' dir='ltr'>ibi</span> <span class='ocrx_word' id='word_1_9' title='bbox 1328 711 1450 775; x_wconf 86' lang='lat' dir='ltr'>quoqne</span> 
     </span>
     <span class='ocr_line' id='line_1_3' title="bbox 280 795 1450 886; baseline -0.003 -21"><span class='ocrx_word' id='word_1_10' title='bbox 280 800 406 884; x_wconf 83' lang='lat' dir='ltr'>tropice,</span> <span class='ocrx_word' id='word_1_11' title='bbox 430 800 559 865; x_wconf 88' lang='lat' dir='ltr'>uerbum</span> <span class='ocrx_word' id='word_1_12' title='bbox 582 805 628 864; x_wconf 84' lang='lat' dir='ltr'>ost</span> <span class='ocrx_word' id='word_1_13' title='bbox 651 804 831 882; x_wconf 89' lang='lat' dir='ltr'>usurpatum</span> <span class='ocrx_word' id='word_1_14' title='bbox 854 797 1040 863; x_wconf 72' lang='lat' dir='ltr'>invntus</span> <span class='ocrx_word' id='word_1_15' title='bbox 1064 797 1082 861; x_wconf 89' lang='grc' dir='ltr'><strong><em>δ</em></strong></span> <span class='ocrx_word' id='word_1_16' title='bbox 1106 795 1143 861; x_wconf 77' lang='grc' dir='ltr'>δὲ</span> <span class='ocrx_word' id='word_1_17' title='bbox 1165 797 1225 873; x_wconf 80' lang='grc' dir='ltr'>τὰς</span> <span class='ocrx_word' id='word_1_18' title='bbox 1246 798 1450 886; x_wconf 74' lang='grc' dir='ltr'><strong><em>Συρηκούσας</em></strong></span> 
     </span>
     <span class='ocr_line' id='line_1_4' title="bbox 280 894 1449 993; baseline -0.002 -23"><span class='ocrx_word' id='word_1_19' title='bbox 280 903 447 993; x_wconf 70' lang='grc' dir='ltr'><strong><em>ἐστράτευεν</em></strong></span> <span class='ocrx_word' id='word_1_20' title='bbox 468 903 525 969; x_wconf 77' lang='grc' dir='ltr'><strong><em>καὶ</em></strong></span> <span class='ocrx_word' id='word_1_21' title='bbox 548 894 630 993; x_wconf 77' lang='grc' dir='ltr'><strong><em>ἦσάν</em></strong></span> <span class='ocrx_word' id='word_1_22' title='bbox 653 899 684 968; x_wconf 79' lang='grc' dir='ltr'>οἱ</span> <span class='ocrx_word' id='word_1_23' title='bbox 708 903 818 967; x_wconf 76' lang='grc' dir='ltr'><strong><em>στάντα</em></strong></span> <span class='ocrx_word' id='word_1_24' title='bbox 841 898 876 967; x_wconf 82' lang='grc' dir='ltr'><strong><em>αὶ</em></strong></span> <span class='ocrx_word' id='word_1_25' title='bbox 900 903 1118 991; x_wconf 76' lang='grc' dir='ltr'><strong><em>Συρήκουσαι·</em></strong></span> <span class='ocrx_word' id='word_1_26' title='bbox 1144 898 1178 968; x_wconf 74' lang='grc' dir='ltr'><strong><em>αἱ</em></strong></span> <span class='ocrx_word' id='word_1_27' title='bbox 1203 902 1239 967; x_wconf 80' lang='grc' dir='ltr'>δὲ</span> <span class='ocrx_word' id='word_1_28' title='bbox 1262 899 1449 991; x_wconf 80' lang='grc' dir='ltr'><strong><em>παραυτίκα</em></strong></span> 
     </span>
     <span class='ocr_line' id='line_1_5' title="bbox 281 1006 1450 1099; baseline 0 -23"><span class='ocrx_word' id='word_1_29' title='bbox 281 1011 342 1077; x_wconf 85' lang='grc' dir='ltr'><strong><em>άνά</em></strong></span> <span class='ocrx_word' id='word_1_30' title='bbox 373 1012 401 1075; x_wconf 79' lang='grc' dir='ltr'>τ’</span> <span class='ocrx_word' id='word_1_31' title='bbox 434 1007 573 1099; x_wconf 71' lang='grc' dir='ltr'><strong><em>ἔδραμον</em></strong></span> <span class='ocrx_word' id='word_1_32' title='bbox 601 1009 658 1076; x_wconf 82' lang='grc' dir='ltr'><strong><em>καὶ</em></strong></span> <span class='ocrx_word' id='word_1_33' title='bbox 688 1006 844 1094; x_wconf 65' lang='grc' dir='ltr'><strong><em>ἔβλαστον</em></strong></span> <span class='ocrx_word' id='word_1_34' title='bbox 880 1011 1036 1096; x_wconf 85' lang='lat' dir='ltr'>(Syrakus</span> <span class='ocrx_word' id='word_1_35' title='bbox 1068 1012 1143 1075; x_wconf 87' lang='lat' dir='ltr'>kam</span> <span class='ocrx_word' id='word_1_36' title='bbox 1176 1011 1300 1076; x_wconf 89' lang='lat' dir='ltr'>alsbald</span> <span class='ocrx_word' id='word_1_37' title='bbox 1331 1012 1450 1077; x_wconf 82' lang='lat' dir='ltr'>schnell</span> 
     </span>
     <span class='ocr_line' id='line_1_6' title="bbox 281 1116 1450 1204; baseline -0.002 -20"><span class='ocrx_word' id='word_1_38' title='bbox 281 1140 387 1204; x_wconf 90' lang='lat' dir='ltr'>empor</span> <span class='ocrx_word' id='word_1_39' title='bbox 409 1118 474 1184; x_wconf 90' lang='lat' dir='ltr'>und</span> <span class='ocrx_word' id='word_1_40' title='bbox 497 1118 635 1184; x_wconf 84' lang='lat' dir='ltr'>bluhte</span> <span class='ocrx_word' id='word_1_41' title='bbox 658 1119 751 1203; x_wconf 82' lang='lat' dir='ltr'>anf).</span> <span class='ocrx_word' id='word_1_42' title='bbox 784 1120 821 1183; x_wconf 92' lang='lat' dir='ltr'>In</span> <span class='ocrx_word' id='word_1_43' title='bbox 835 1119 948 1200; x_wconf 90' lang='lat' dir='ltr'>quibus</span> <span class='ocrx_word' id='word_1_44' title='bbox 961 1118 1098 1183; x_wconf 83' lang='lat' dir='ltr'>Steinius</span> <span class='ocrx_word' id='word_1_45' title='bbox 1111 1116 1238 1199; x_wconf 89' lang='lat' dir='ltr'>quidem</span> <span class='ocrx_word' id='word_1_46' title='bbox 1254 1116 1332 1182; x_wconf 89' lang='lat' dir='ltr'>dioit</span> <span class='ocrx_word' id='word_1_47' title='bbox 1353 1119 1450 1183; x_wconf 84' lang='lat' dir='ltr'>uerba</span> 
     </span>
     <span class='ocr_line' id='line_1_7' title="bbox 281 1219 1450 1312; baseline 0 -23"><span class='ocrx_word' id='word_1_48' title='bbox 281 1224 342 1289; x_wconf 86' lang='grc' dir='ltr'><strong><em>άνά</em></strong></span> <span class='ocrx_word' id='word_1_49' title='bbox 373 1225 401 1287; x_wconf 82' lang='grc' dir='ltr'>τ’</span> <span class='ocrx_word' id='word_1_50' title='bbox 432 1224 571 1312; x_wconf 72' lang='grc' dir='ltr'><strong><em>ἔδραμον</em></strong></span> <span class='ocrx_word' id='word_1_51' title='bbox 604 1263 645 1273; x_wconf 84' lang='lat'><em>-</em></span> <span class='ocrx_word' id='word_1_52' title='bbox 679 1219 836 1308; x_wconf 65' lang='grc' dir='ltr'><strong><em>ἔβλαστον</em></strong></span> <span class='ocrx_word' id='word_1_53' title='bbox 867 1225 969 1310; x_wconf 86' lang='lat' dir='ltr'>posita</span> <span class='ocrx_word' id='word_1_54' title='bbox 999 1244 1067 1290; x_wconf 87' lang='lat' dir='ltr'>esse</span> <span class='ocrx_word' id='word_1_55' title='bbox 1105 1223 1336 1307; x_wconf 86' lang='lat' dir='ltr'>„ansoheinend</span> <span class='ocrx_word' id='word_1_56' title='bbox 1368 1224 1450 1289; x_wconf 90' lang='lat' dir='ltr'>naolr</span> 
     </span>
     <span class='ocr_line' id='line_1_8' title="bbox 281 1326 1450 1419; baseline -0.003 -21"><span class='ocrx_word' id='word_1_57' title='bbox 281 1333 382 1399; x_wconf 84' lang='lat' dir='ltr'>einem</span> <span class='ocrx_word' id='word_1_58' title='bbox 406 1331 553 1416; x_wconf 87' lang='lat' dir='ltr'>episohen</span> <span class='ocrx_word' id='word_1_59' title='bbox 576 1333 672 1398; x_wconf 87' lang='lat' dir='ltr'>Verso</span> <span class='ocrx_word' id='word_1_60' title='bbox 695 1330 770 1419; x_wconf 86' lang='grc' dir='ltr'><strong><em>(άνα</em></strong></span> <span class='ocrx_word' id='word_1_61' title='bbox 793 1331 820 1393; x_wconf 78' lang='grc' dir='ltr'>τ’</span> <span class='ocrx_word' id='word_1_62' title='bbox 845 1326 984 1418; x_wconf 70' lang='grc' dir='ltr'><strong><em>ἔδραμον</em></strong></span> <span class='ocrx_word' id='word_1_63' title='bbox 1006 1329 1055 1418; x_wconf 78' lang='grc' dir='ltr'>ἠδ’</span> <span class='ocrx_word' id='word_1_64' title='bbox 1080 1327 1305 1414; x_wconf 78' lang='grc' dir='ltr'><strong><em>ἀνέβλαστον),</em></strong></span> <span class='ocrx_word' id='word_1_65' title='bbox 1329 1329 1393 1413; x_wconf 90' lang='lat' dir='ltr'>sed,</span> <span class='ocrx_word' id='word_1_66' title='bbox 1416 1336 1450 1394; x_wconf 86' lang='lat' dir='ltr'>ut</span> 
     </span>
     <span class='ocr_line' id='line_1_9' title="bbox 280 1434 1449 1523; baseline -0.005 -20"><span class='ocrx_word' id='word_1_67' title='bbox 280 1438 412 1523; x_wconf 88' lang='lat' dir='ltr'>uidetur,</span> <span class='ocrx_word' id='word_1_68' title='bbox 434 1459 497 1503; x_wconf 91' lang='lat' dir='ltr'>non</span> <span class='ocrx_word' id='word_1_69' title='bbox 520 1438 636 1521; x_wconf 92' lang='lat' dir='ltr'>optimo</span> <span class='ocrx_word' id='word_1_70' title='bbox 664 1439 739 1504; x_wconf 87' lang='lat' dir='ltr'>iure.</span> <span class='ocrx_word' id='word_1_71' title='bbox 784 1437 938 1521; x_wconf 83' lang='lat' dir='ltr'>Equidem</span> <span class='ocrx_word' id='word_1_72' title='bbox 961 1444 1036 1522; x_wconf 90' lang='lat' dir='ltr'>puto</span> <span class='ocrx_word' id='word_1_73' title='bbox 1059 1437 1092 1502; x_wconf 91' lang='lat' dir='ltr'>in</span> <span class='ocrx_word' id='word_1_74' title='bbox 1115 1456 1173 1502; x_wconf 90' lang='lat' dir='ltr'>usu</span> <span class='ocrx_word' id='word_1_75' title='bbox 1195 1436 1283 1502; x_wconf 83' lang='lat' dir='ltr'>uerbi</span> <span class='ocrx_word' id='word_1_76' title='bbox 1314 1434 1449 1517; x_wconf 80' lang='grc' dir='ltr'><strong><em>ἀναβλα-</em></strong></span> 
     </span>
     <span class='ocr_line' id='line_1_10' title="bbox 281 1543 1450 1629; baseline -0.002 -20"><span class='ocrx_word' id='word_1_77' title='bbox 281 1543 387 1609; x_wconf 86' lang='grc' dir='ltr'><strong><em>στάνιο</em></strong></span> <span class='ocrx_word' id='word_1_78' title='bbox 410 1545 621 1629; x_wconf 88' lang='lat' dir='ltr'>metaphorioo</span> <span class='ocrx_word' id='word_1_79' title='bbox 648 1544 806 1609; x_wconf 90' lang='lat' dir='ltr'>neminem</span> <span class='ocrx_word' id='word_1_80' title='bbox 828 1544 1020 1610; x_wconf 88' lang='lat' dir='ltr'>Herodotum</span> <span class='ocrx_word' id='word_1_81' title='bbox 1050 1544 1205 1608; x_wconf 87' lang='lat' dir='ltr'>imitatum</span> <span class='ocrx_word' id='word_1_82' title='bbox 1235 1563 1303 1608; x_wconf 90' lang='lat' dir='ltr'>esse</span> <span class='ocrx_word' id='word_1_83' title='bbox 1324 1548 1450 1625; x_wconf 86' lang='lat' dir='ltr'>poetam</span> 
     </span>
     <span class='ocr_line' id='line_1_11' title="bbox 258 1650 1450 1734; baseline -0.003 -18"><span class='ocrx_word' id='word_1_84' title='bbox 258 1672 381 1734; x_wconf 81' lang='lat' dir='ltr'>noque</span> <span class='ocrx_word' id='word_1_85' title='bbox 417 1650 589 1734; x_wconf 86' lang='lat' dir='ltr'>quidquam</span> <span class='ocrx_word' id='word_1_86' title='bbox 629 1650 793 1716; x_wconf 80' lang='lat' dir='ltr'>affectasse</span> <span class='ocrx_word' id='word_1_87' title='bbox 838 1650 922 1733; x_wconf 91' lang='lat' dir='ltr'>quod</span> <span class='ocrx_word' id='word_1_88' title='bbox 959 1672 979 1715; x_wconf 88' lang='lat' dir='ltr'>a</span> <span class='ocrx_word' id='word_1_89' title='bbox 1016 1650 1171 1716; x_wconf 83' lang='lat' dir='ltr'>communi</span> <span class='ocrx_word' id='word_1_90' title='bbox 1216 1670 1291 1714; x_wconf 90' lang='lat' dir='ltr'>suae</span> <span class='ocrx_word' id='word_1_91' title='bbox 1337 1650 1450 1714; x_wconf 88' lang='lat' dir='ltr'>aetatis</span> 
     </span>
     <span class='ocr_line' id='line_1_12' title="bbox 280 1755 1451 1840; baseline -0.003 -17"><span class='ocrx_word' id='word_1_92' title='bbox 280 1758 429 1840; x_wconf 91' lang='lat' dir='ltr'>loquendi</span> <span class='ocrx_word' id='word_1_93' title='bbox 451 1758 572 1823; x_wconf 87' lang='lat' dir='ltr'>ratione</span> <span class='ocrx_word' id='word_1_94' title='bbox 602 1757 795 1823; x_wconf 90' lang='lat' dir='ltr'>abhorreret:</span> <span class='ocrx_word' id='word_1_95' title='bbox 829 1757 885 1822; x_wconf 88' lang='lat' dir='ltr'>sed</span> <span class='ocrx_word' id='word_1_96' title='bbox 908 1759 1055 1822; x_wconf 88' lang='lat' dir='ltr'>Nostrum</span> <span class='ocrx_word' id='word_1_97' title='bbox 1084 1757 1214 1822; x_wconf 83' lang='lat' dir='ltr'>fortasse</span> <span class='ocrx_word' id='word_1_98' title='bbox 1243 1755 1381 1820; x_wconf 90' lang='lat' dir='ltr'>imitatus</span> <span class='ocrx_word' id='word_1_99' title='bbox 1404 1761 1451 1820; x_wconf 92' lang='lat' dir='ltr'>est</span> 
     </span>
     <span class='ocr_line' id='line_1_13' title="bbox 280 1861 1449 1951; baseline -0.003 -22"><span class='ocrx_word' id='word_1_100' title='bbox 280 1864 465 1930; x_wconf 82' lang='lat' dir='ltr'>Plutarchus</span> <span class='ocrx_word' id='word_1_101' title='bbox 487 1863 631 1949; x_wconf 88' lang='lat' dir='ltr'>(amator.</span> <span class='ocrx_word' id='word_1_102' title='bbox 655 1863 721 1951; x_wconf 82' lang='lat'><strong>23).</strong></span> <span class='ocrx_word' id='word_1_103' title='bbox 767 1865 900 1948; x_wconf 83' lang='lat' dir='ltr'>Tropioe</span> <span class='ocrx_word' id='word_1_104' title='bbox 924 1884 997 1929; x_wconf 89' lang='lat' dir='ltr'>uero</span> <span class='ocrx_word' id='word_1_105' title='bbox 1021 1863 1117 1928; x_wconf 85' lang='lat' dir='ltr'>etiam</span> <span class='ocrx_word' id='word_1_106' title='bbox 1148 1861 1344 1949; x_wconf 82' lang='grc' dir='ltr'><strong><em>ἀναδραμεῖν</em></strong></span> <span class='ocrx_word' id='word_1_107' title='bbox 1366 1882 1449 1926; x_wconf 89' lang='lat' dir='ltr'>usur-</span> 
     </span>
     <span class='ocr_line' id='line_1_14' title="bbox 279 1969 1450 2056; baseline -0.002 -21"><span class='ocrx_word' id='word_1_108' title='bbox 279 1977 380 2056; x_wconf 91' lang='lat' dir='ltr'>patur,</span> <span class='ocrx_word' id='word_1_109' title='bbox 404 1971 471 2036; x_wconf 86' lang='lat' dir='ltr'>siue</span> <span class='ocrx_word' id='word_1_110' title='bbox 494 1971 534 2036; x_wconf 88' lang='lat' dir='ltr'>do</span> <span class='ocrx_word' id='word_1_111' title='bbox 557 1971 687 2036; x_wconf 83' lang='lat' dir='ltr'>surculis</span> <span class='ocrx_word' id='word_1_112' title='bbox 709 1970 799 2056; x_wconf 90' lang='lat' dir='ltr'>(VIII</span> <span class='ocrx_word' id='word_1_113' title='bbox 823 1970 879 2055; x_wconf 81' lang='grc'>55)</span> <span class='ocrx_word' id='word_1_114' title='bbox 908 1969 1026 2036; x_wconf 86' lang='lat' dir='ltr'>dietum</span> <span class='ocrx_word' id='word_1_115' title='bbox 1055 1976 1102 2035; x_wconf 89' lang='lat' dir='ltr'>est</span> <span class='ocrx_word' id='word_1_116' title='bbox 1131 1969 1198 2034; x_wconf 90' lang='lat' dir='ltr'>siue</span> <span class='ocrx_word' id='word_1_117' title='bbox 1229 1969 1268 2034; x_wconf 88' lang='lat' dir='ltr'>de</span> <span class='ocrx_word' id='word_1_118' title='bbox 1300 1969 1376 2033; x_wconf 89' lang='lat' dir='ltr'>uiris</span> <span class='ocrx_word' id='word_1_119' title='bbox 1398 1985 1450 2052; x_wconf 93' lang='lat' dir='ltr'>po-</span> 
     </span>
     <span class='ocr_line' id='line_1_15' title="bbox 280 2077 934 2162; baseline 0.002 -20"><span class='ocrx_word' id='word_1_120' title='bbox 280 2079 411 2162; x_wconf 86' lang='lat' dir='ltr'>pulisuo.</span> <span class='ocrx_word' id='word_1_121' title='bbox 456 2078 501 2144; x_wconf 77' lang='lat' dir='ltr'>qt.</span> <span class='ocrx_word' id='word_1_122' title='bbox 524 2079 541 2142; x_wconf 95' lang='lat' dir='ltr'>I</span> <span class='ocrx_word' id='word_1_123' title='bbox 565 2080 616 2162; x_wconf 82' lang='grc'>66,</span> <span class='ocrx_word' id='word_1_124' title='bbox 640 2078 815 2143; x_wconf 89' lang='lat' dir='ltr'>sedetiam</span> <span class='ocrx_word' id='word_1_125' title='bbox 840 2097 860 2140; x_wconf 92' lang='grc' dir='ltr'><strong><em>σ</em></strong></span> <span class='ocrx_word' id='word_1_126' title='bbox 883 2077 934 2143; x_wconf 94' lang='grc'>56.</span> 
     </span>
    </p>
   </div>
   <div class='ocr_carea' id='block_1_3' title="bbox 281 2230 1451 2750">
    <p class='ocr_par' dir='ltr' id='par_1_3' title="bbox 281 2230 1451 2750">
     <span class='ocr_line' id='line_1_16' title="bbox 370 2230 1451 2322; baseline -0.005 -22"><span class='ocrx_word' id='word_1_127' title='bbox 370 2235 579 2322; x_wconf 76' lang='grc' dir='ltr'><strong><em>χνοασιμαχέω</em></strong></span> <span class='ocrx_word' id='word_1_128' title='bbox 604 2270 643 2291; x_wconf 94' lang='lat'><strong><em>=</em></strong></span> <span class='ocrx_word' id='word_1_129' title='bbox 672 2236 851 2319; x_wconf 82' lang='grc' dir='ltr'><strong><em>μετανοὲιο,</em></strong></span> <span class='ocrx_word' id='word_1_130' title='bbox 884 2235 1055 2321; x_wconf 80' lang='grc' dir='ltr'><strong><em>ὁμολοχέιο.</em></strong></span> <span class='ocrx_word' id='word_1_131' title='bbox 1102 2236 1216 2301; x_wconf 80' lang='grc'>11125</span> <span class='ocrx_word' id='word_1_132' title='bbox 1250 2230 1279 2297; x_wconf 82' lang='grc' dir='ltr'>εἰ</span> <span class='ocrx_word' id='word_1_133' title='bbox 1310 2232 1369 2315; x_wconf 84' lang='grc' dir='ltr'><strong><em>μέν</em></strong></span> <span class='ocrx_word' id='word_1_134' title='bbox 1399 2257 1451 2296; x_wconf 83' lang='grc' dir='ltr'>νυν</span> 
     </span>
     <span class='ocr_line' id='line_1_17' title="bbox 283 2336 1451 2432; baseline -0.005 -24"><span class='ocrx_word' id='word_1_135' title='bbox 283 2343 396 2425; x_wconf 82' lang='grc' dir='ltr'><strong><em>μαθὼν</em></strong></span> <span class='ocrx_word' id='word_1_136' title='bbox 418 2353 522 2406; x_wconf 80' lang='grc' dir='ltr'><strong><em>ταῦτα</em></strong></span> <span class='ocrx_word' id='word_1_137' title='bbox 546 2343 563 2406; x_wconf 86' lang='grc' dir='ltr'><em>ὁ</em></span> <span class='ocrx_word' id='word_1_138' title='bbox 586 2344 766 2432; x_wconf 78' lang='grc' dir='ltr'><strong><em>Καμβύσης</em></strong></span> <span class='ocrx_word' id='word_1_139' title='bbox 788 2342 999 2428; x_wconf 78' lang='grc' dir='ltr'><strong><em>ἑμνιοσιμάχει</em></strong></span> <span class='ocrx_word' id='word_1_140' title='bbox 1029 2341 1087 2406; x_wconf 78' lang='grc' dir='ltr'><strong><em>καὶ</em></strong></span> <span class='ocrx_word' id='word_1_141' title='bbox 1117 2341 1240 2428; x_wconf 76' lang='grc' dir='ltr'><strong><em>άνσῆχεν</em></strong></span> <span class='ocrx_word' id='word_1_142' title='bbox 1264 2336 1373 2404; x_wconf 85' lang='grc' dir='ltr'><strong><em>δντίσω</em></strong></span> <span class='ocrx_word' id='word_1_143' title='bbox 1395 2339 1451 2403; x_wconf 86' lang='grc' dir='ltr'><strong><em>τὸν</em></strong></span> 
     </span>
     <span class='ocr_line' id='line_1_18' title="bbox 283 2438 1449 2537; baseline -0.003 -26"><span class='ocrx_word' id='word_1_144' title='bbox 283 2447 429 2535; x_wconf 88' lang='grc' dir='ltr'><strong><em>στρατόν,</em></strong></span> <span class='ocrx_word' id='word_1_145' title='bbox 454 2447 512 2513; x_wconf 75' lang='grc' dir='ltr'><strong><em>ἐντὶ</em></strong></span> <span class='ocrx_word' id='word_1_146' title='bbox 535 2453 576 2536; x_wconf 76' lang='grc' dir='ltr'>τῇ</span> <span class='ocrx_word' id='word_1_147' title='bbox 601 2449 733 2535; x_wconf 78' lang='grc' dir='ltr'><strong><em>ἀρχῆθεν</em></strong></span> <span class='ocrx_word' id='word_1_148' title='bbox 755 2448 904 2537; x_wconf 73' lang='grc' dir='ltr'><strong><em>γενομένῃ</em></strong></span> <span class='ocrx_word' id='word_1_149' title='bbox 927 2448 1096 2536; x_wconf 72' lang='grc' dir='ltr'><strong><em>ἁμαρτάδι</em></strong></span> <span class='ocrx_word' id='word_1_150' title='bbox 1119 2438 1214 2536; x_wconf 76' lang='grc' dir='ltr'><strong><em>ἦνδν</em></strong></span> <span class='ocrx_word' id='word_1_151' title='bbox 1238 2446 1315 2534; x_wconf 73' lang='grc' dir='ltr'><strong><em>ἀνὴρ</em></strong></span> <span class='ocrx_word' id='word_1_152' title='bbox 1339 2445 1449 2533; x_wconf 79' lang='grc' dir='ltr'><strong><em>σοφάς.</em></strong></span> 
     </span>
     <span class='ocr_line' id='line_1_19' title="bbox 281 2549 1450 2643; baseline -0.005 -22"><span class='ocrx_word' id='word_1_153' title='bbox 281 2557 341 2621; x_wconf 92' lang='lat' dir='ltr'>VII</span> <span class='ocrx_word' id='word_1_154' title='bbox 367 2558 429 2621; x_wconf 84' lang='lat'>130</span> <span class='ocrx_word' id='word_1_155' title='bbox 452 2554 537 2619; x_wconf 82' lang='grc' dir='ltr'><strong><em>τοῦτ’</em></strong></span> <span class='ocrx_word' id='word_1_156' title='bbox 561 2553 624 2641; x_wconf 87' lang='grc' dir='ltr'><strong><em>άρα</em></strong></span> <span class='ocrx_word' id='word_1_157' title='bbox 646 2555 714 2642; x_wconf 82' lang='grc' dir='ltr'><strong><em>νσρδ</em></strong></span> <span class='ocrx_word' id='word_1_158' title='bbox 735 2554 860 2619; x_wconf 77' lang='grc' dir='ltr'><strong><em>πολλοῦ</em></strong></span> <span class='ocrx_word' id='word_1_159' title='bbox 883 2553 1080 2643; x_wconf 76' lang='grc' dir='ltr'><strong><em>ἐφυλάξαντο</em></strong></span> <span class='ocrx_word' id='word_1_160' title='bbox 1102 2550 1372 2638; x_wconf 74' lang='grc' dir='ltr'><strong><em>γνωσιμαχέοντες</em></strong></span> <span class='ocrx_word' id='word_1_161' title='bbox 1394 2549 1450 2615; x_wconf 82' lang='grc' dir='ltr'><strong><em>καὶ</em></strong></span> 
     </span>
     <span class='ocr_line' id='line_1_20' title="bbox 281 2651 1449 2750; baseline 0 -26"><span class='ocrx_word' id='word_1_162' title='bbox 281 2651 384 2725; x_wconf 78' lang='grc' dir='ltr'><strong><em>τᾶλλα</em></strong></span> <span class='ocrx_word' id='word_1_163' title='bbox 416 2659 472 2725; x_wconf 80' lang='grc' dir='ltr'>ναὶ</span> <span class='ocrx_word' id='word_1_164' title='bbox 505 2661 555 2725; x_wconf 81' lang='grc' dir='ltr'>ὅτι</span> <span class='ocrx_word' id='word_1_165' title='bbox 584 2659 685 2750; x_wconf 76' lang='grc' dir='ltr'><strong><em>χώρην</em></strong></span> <span class='ocrx_word' id='word_1_166' title='bbox 716 2660 779 2748; x_wconf 85' lang='grc' dir='ltr'><strong><em>άρα</em></strong></span> <span class='ocrx_word' id='word_1_167' title='bbox 802 2652 886 2741; x_wconf 82' lang='grc' dir='ltr'><strong><em>εἶχον</em></strong></span> <span class='ocrx_word' id='word_1_168' title='bbox 916 2657 1077 2748; x_wconf 74' lang='grc' dir='ltr'><strong><em>εὐαίρετόν</em></strong></span> <span class='ocrx_word' id='word_1_169' title='bbox 1099 2683 1135 2724; x_wconf 85' lang='grc' dir='ltr'>τε</span> <span class='ocrx_word' id='word_1_170' title='bbox 1158 2658 1215 2723; x_wconf 79' lang='grc' dir='ltr'><strong><em>καὶ</em></strong></span> <span class='ocrx_word' id='word_1_171' title='bbox 1237 2657 1449 2739; x_wconf 85' lang='grc' dir='ltr'><strong><em>ταχυάλωτον.</em></strong></span> 
     </span>
    </p>
   </div>
   <div class='ocr_carea' id='block_1_4' title="bbox 280 2757 1452 3276">
    <p class='ocr_par' dir='ltr' id='par_1_4' title="bbox 280 2757 1452 3276">
     <span class='ocr_line' id='line_1_21' title="bbox 280 2757 1451 2853; baseline -0.006 -19"><span class='ocrx_word' id='word_1_172' title='bbox 280 2769 386 2834; x_wconf 88' lang='lat' dir='ltr'>Uerba</span> <span class='ocrx_word' id='word_1_173' title='bbox 423 2775 493 2833; x_wconf 86' lang='lat' dir='ltr'>sunt</span> <span class='ocrx_word' id='word_1_174' title='bbox 528 2769 651 2833; x_wconf 79' lang='lat' dir='ltr'>Xerxis.</span> <span class='ocrx_word' id='word_1_175' title='bbox 711 2769 788 2833; x_wconf 90' lang='lat' dir='ltr'>VIII</span> <span class='ocrx_word' id='word_1_176' title='bbox 818 2771 860 2834; x_wconf 81' lang='grc'>29</span> <span class='ocrx_word' id='word_1_177' title='bbox 899 2757 925 2830; x_wconf 78' lang='grc' dir='ltr'>ιδ</span> <span class='ocrx_word' id='word_1_178' title='bbox 964 2769 1107 2845; x_wconf 54' lang='lat' dir='ltr'>onasus,</span> <span class='ocrx_word' id='word_1_179' title='bbox 1146 2763 1206 2853; x_wconf 68' lang='grc' dir='ltr'>ἤδη</span> <span class='ocrx_word' id='word_1_180' title='bbox 1250 2788 1284 2829; x_wconf 92' lang='grc' dir='ltr'>τι</span> <span class='ocrx_word' id='word_1_181' title='bbox 1329 2764 1451 2847; x_wconf 79' lang='grc' dir='ltr'><strong><em>μᾶλλον</em></strong></span> 
     </span>
     <span class='ocr_line' id='line_1_22' title="bbox 281 2864 1450 2961; baseline 0.002 -25"><span class='ocrx_word' id='word_1_182' title='bbox 281 2877 512 2957; x_wconf 77' lang='grc' dir='ltr'><strong><em>χνιοσιμαχεῖτε</em></strong></span> <span class='ocrx_word' id='word_1_183' title='bbox 547 2875 593 2961; x_wconf 74' lang='grc' dir='ltr'>μὴ</span> <span class='ocrx_word' id='word_1_184' title='bbox 636 2864 719 2937; x_wconf 81' lang='grc' dir='ltr'><strong><em>εἶναι</em></strong></span> <span class='ocrx_word' id='word_1_185' title='bbox 764 2873 872 2956; x_wconf 78' lang='grc' dir='ltr'><strong><em>ὅμοιοι</em></strong></span> <span class='ocrx_word' id='word_1_186' title='bbox 908 2874 997 2961; x_wconf 63' lang='lat' dir='ltr'>quisq</span> <span class='ocrx_word' id='word_1_187' title='bbox 1042 2874 1178 2938; x_wconf 83' lang='lat' dir='ltr'>Nuntius</span> <span class='ocrx_word' id='word_1_188' title='bbox 1221 2873 1450 2938; x_wconf 82' lang='lat' dir='ltr'>Thessalorum.</span> 
     </span>
     <span class='ocr_line' id='line_1_23' title="bbox 282 2980 1451 3066; baseline -0.003 -21"><span class='ocrx_word' id='word_1_189' title='bbox 282 2980 419 3045; x_wconf 86' lang='lat' dir='ltr'>Steinius</span> <span class='ocrx_word' id='word_1_190' title='bbox 442 2980 484 3045; x_wconf 91' lang='lat' dir='ltr'>ad</span> <span class='ocrx_word' id='word_1_191' title='bbox 506 2982 556 3046; x_wconf 89' lang='lat' dir='ltr'>III</span> <span class='ocrx_word' id='word_1_192' title='bbox 574 2980 632 3045; x_wconf 82' lang='lat'>25:</span> <span class='ocrx_word' id='word_1_193' title='bbox 655 2982 742 3065; x_wconf 86' lang='lat' dir='ltr'>„Das</span> <span class='ocrx_word' id='word_1_194' title='bbox 766 2981 965 3066; x_wconf 84' lang='lat' dir='ltr'>daktylisohe</span> <span class='ocrx_word' id='word_1_195' title='bbox 987 2981 1073 3045; x_wconf 89' lang='lat' dir='ltr'>Mass</span> <span class='ocrx_word' id='word_1_196' title='bbox 1097 2980 1152 3045; x_wconf 88' lang='lat' dir='ltr'>des</span> <span class='ocrx_word' id='word_1_197' title='bbox 1175 2980 1313 3045; x_wconf 88' lang='lat' dir='ltr'>seltenen</span> <span class='ocrx_word' id='word_1_198' title='bbox 1327 2980 1451 3043; x_wconf 89' lang='lat' dir='ltr'>Wortes</span> 
     </span>
     <span class='ocr_line' id='line_1_24' title="bbox 282 3084 1451 3172; baseline 0 -21"><span class='ocrx_word' id='word_1_199' title='bbox 282 3087 402 3152; x_wconf 87' lang='lat' dir='ltr'>soheint</span> <span class='ocrx_word' id='word_1_200' title='bbox 433 3088 491 3151; x_wconf 90' lang='lat' dir='ltr'>auf</span> <span class='ocrx_word' id='word_1_201' title='bbox 519 3087 645 3172; x_wconf 86' lang='lat' dir='ltr'>episoho</span> <span class='ocrx_word' id='word_1_202' title='bbox 676 3089 833 3153; x_wconf 88' lang='lat' dir='ltr'>Herkunft</span> <span class='ocrx_word' id='word_1_203' title='bbox 864 3108 902 3151; x_wconf 87' lang='lat' dir='ltr'>zu</span> <span class='ocrx_word' id='word_1_204' title='bbox 934 3086 1074 3154; x_wconf 86' lang='lat' dir='ltr'>deuten“.</span> <span class='ocrx_word' id='word_1_205' title='bbox 1131 3087 1175 3152; x_wconf 82' lang='lat' dir='ltr'>uf.</span> <span class='ocrx_word' id='word_1_206' title='bbox 1208 3088 1262 3152; x_wconf 88' lang='lat' dir='ltr'>Ar.</span> <span class='ocrx_word' id='word_1_207' title='bbox 1294 3086 1352 3151; x_wconf 87' lang='lat' dir='ltr'>Au.</span> <span class='ocrx_word' id='word_1_208' title='bbox 1376 3084 1451 3151; x_wconf 88' lang='grc'>555.</span> 
     </span>
     <span class='ocr_line' id='line_1_25' title="bbox 283 3192 1452 3276; baseline -0.003 -18"><span class='ocrx_word' id='word_1_209' title='bbox 283 3195 355 3258; x_wconf 86' lang='lat' dir='ltr'>Eur.</span> <span class='ocrx_word' id='word_1_210' title='bbox 387 3194 510 3259; x_wconf 90' lang='lat' dir='ltr'>Heraol.</span> <span class='ocrx_word' id='word_1_211' title='bbox 535 3197 609 3260; x_wconf 81' lang='grc'><strong>706.</strong></span> <span class='ocrx_word' id='word_1_212' title='bbox 654 3196 748 3262; x_wconf 86' lang='lat' dir='ltr'>Isoor.</span> <span class='ocrx_word' id='word_1_213' title='bbox 771 3194 852 3262; x_wconf 87' lang='lat' dir='ltr'>Phil.</span> <span class='ocrx_word' id='word_1_214' title='bbox 884 3196 953 3259; x_wconf 74' lang='grc' dir='ltr'><strong><em>αδ</em></strong></span> <span class='ocrx_word' id='word_1_215' title='bbox 986 3197 1058 3276; x_wconf 68' lang='lat' dir='ltr'>§I</span> <span class='ocrx_word' id='word_1_216' title='bbox 1104 3193 1236 3276; x_wconf 85' lang='lat' dir='ltr'>Saepius</span> <span class='ocrx_word' id='word_1_217' title='bbox 1266 3192 1452 3258; x_wconf 84' lang='lat' dir='ltr'>uocabulum</span> 
     </span>
    </p>
   </div>
   <div class='ocr_carea' id='block_1_5' title="bbox 282 3297 1452 3809">
    <p class='ocr_par' dir='ltr' id='par_1_5' title="bbox 282 3297 1452 3809">
     <span class='ocr_line' id='line_1_26' title="bbox 283 3297 1451 3384; baseline -0.002 -21"><span class='ocrx_word' id='word_1_218' title='bbox 283 3305 448 3383; x_wconf 86' lang='lat' dir='ltr'>usurpatur</span> <span class='ocrx_word' id='word_1_219' title='bbox 471 3320 492 3364; x_wconf 91' lang='lat' dir='ltr'>a</span> <span class='ocrx_word' id='word_1_220' title='bbox 514 3301 688 3384; x_wconf 87' lang='lat' dir='ltr'>Pausania,</span> <span class='ocrx_word' id='word_1_221' title='bbox 710 3301 857 3383; x_wconf 85' lang='lat' dir='ltr'>Philone,</span> <span class='ocrx_word' id='word_1_222' title='bbox 880 3301 1021 3383; x_wconf 89' lang='lat' dir='ltr'>Iosepho.</span> <span class='ocrx_word' id='word_1_223' title='bbox 1067 3300 1142 3365; x_wconf 89' lang='lat' dir='ltr'>Alia</span> <span class='ocrx_word' id='word_1_224' title='bbox 1162 3299 1287 3363; x_wconf 90' lang='lat' dir='ltr'>notione</span> <span class='ocrx_word' id='word_1_225' title='bbox 1301 3304 1347 3364; x_wconf 86' lang='lat' dir='ltr'>est</span> <span class='ocrx_word' id='word_1_226' title='bbox 1366 3297 1451 3382; x_wconf 91' lang='lat' dir='ltr'>apud</span> 
     </span>
     <span class='ocr_line' id='line_1_27' title="bbox 282 3406 1452 3473; baseline -0.001 -4"><span class='ocrx_word' id='word_1_227' title='bbox 282 3406 375 3473; x_wconf 89' lang='lat' dir='ltr'>Dion.</span> <span class='ocrx_word' id='word_1_228' title='bbox 398 3406 470 3473; x_wconf 88' lang='lat' dir='ltr'>Hal.</span> <span class='ocrx_word' id='word_1_229' title='bbox 493 3407 577 3472; x_wconf 81' lang='lat' dir='ltr'>Ano.</span> <span class='ocrx_word' id='word_1_230' title='bbox 607 3408 654 3471; x_wconf 89' lang='lat' dir='ltr'>IX</span> <span class='ocrx_word' id='word_1_231' title='bbox 687 3409 713 3473; x_wconf 91' lang='lat'>1.</span> <span class='ocrx_word' id='word_1_232' title='bbox 759 3407 891 3472; x_wconf 88' lang='lat' dir='ltr'>Omnino</span> <span class='ocrx_word' id='word_1_233' title='bbox 921 3406 955 3471; x_wconf 93' lang='lat' dir='ltr'>in</span> <span class='ocrx_word' id='word_1_234' title='bbox 987 3406 1163 3472; x_wconf 79' lang='lat' dir='ltr'>Graecitato</span> <span class='ocrx_word' id='word_1_235' title='bbox 1192 3406 1362 3470; x_wconf 80' lang='lat' dir='ltr'>recentiore</span> <span class='ocrx_word' id='word_1_236' title='bbox 1391 3424 1452 3469; x_wconf 83' lang='lat' dir='ltr'>uox</span> 
     </span>
     <span class='ocr_line' id='line_1_28' title="bbox 283 3511 1450 3581; baseline -0.003 -4"><span class='ocrx_word' id='word_1_237' title='bbox 283 3512 405 3578; x_wconf 88' lang='lat' dir='ltr'>uidetur</span> <span class='ocrx_word' id='word_1_238' title='bbox 445 3513 539 3578; x_wconf 86' lang='lat' dir='ltr'>fnisse</span> <span class='ocrx_word' id='word_1_239' title='bbox 577 3513 762 3580; x_wconf 90' lang='lat' dir='ltr'>usitatatior.</span> <span class='ocrx_word' id='word_1_240' title='bbox 816 3514 861 3581; x_wconf 81' lang='lat' dir='ltr'>uf.</span> <span class='ocrx_word' id='word_1_241' title='bbox 893 3514 994 3579; x_wconf 83' lang='lat' dir='ltr'>Sohol</span> <span class='ocrx_word' id='word_1_242' title='bbox 1027 3515 1063 3580; x_wconf 87' lang='grc' dir='ltr'>Β.</span> <span class='ocrx_word' id='word_1_243' title='bbox 1095 3513 1127 3575; x_wconf 88' lang='grc' dir='ltr'><em>Ω</em></span> <span class='ocrx_word' id='word_1_244' title='bbox 1150 3515 1202 3578; x_wconf 86' lang='lat'>31.</span> <span class='ocrx_word' id='word_1_245' title='bbox 1256 3511 1348 3577; x_wconf 89' lang='lat' dir='ltr'>Unde</span> <span class='ocrx_word' id='word_1_246' title='bbox 1380 3531 1450 3576; x_wconf 88' lang='lat' dir='ltr'>eam</span> 
     </span>
     <span class='ocr_line' id='line_1_29' title="bbox 282 3619 1451 3706; baseline -0.002 -23"><span class='ocrx_word' id='word_1_247' title='bbox 282 3620 447 3703; x_wconf 80' lang='lat' dir='ltr'>sumpserit</span> <span class='ocrx_word' id='word_1_248' title='bbox 460 3619 636 3685; x_wconf 86' lang='lat' dir='ltr'>Herodotus</span> <span class='ocrx_word' id='word_1_249' title='bbox 658 3620 852 3702; x_wconf 81' lang='lat' dir='ltr'>ignoramus:</span> <span class='ocrx_word' id='word_1_250' title='bbox 876 3639 973 3706; x_wconf 84' lang='lat' dir='ltr'>quare</span> <span class='ocrx_word' id='word_1_251' title='bbox 996 3621 1067 3684; x_wconf 93' lang='lat' dir='ltr'>nolo</span> <span class='ocrx_word' id='word_1_252' title='bbox 1091 3619 1265 3684; x_wconf 80' lang='lat' dir='ltr'>diiudicare</span> <span class='ocrx_word' id='word_1_253' title='bbox 1288 3624 1389 3682; x_wconf 87' lang='lat' dir='ltr'>utrum</span> <span class='ocrx_word' id='word_1_254' title='bbox 1413 3636 1451 3681; x_wconf 89' lang='lat' dir='ltr'>ea</span> 
     </span>
     <span class='ocr_line' id='line_1_30' title="bbox 282 3726 692 3809; baseline 0.007 -20"><span class='ocrx_word' id='word_1_255' title='bbox 282 3745 355 3790; x_wconf 87' lang='lat' dir='ltr'>usus</span> <span class='ocrx_word' id='word_1_256' title='bbox 378 3726 417 3790; x_wconf 88' lang='lat' dir='ltr'>sit</span> <span class='ocrx_word' id='word_1_257' title='bbox 439 3727 562 3809; x_wconf 83' lang='lat' dir='ltr'>poetica</span> <span class='ocrx_word' id='word_1_258' title='bbox 585 3746 692 3792; x_wconf 83' lang='lat' dir='ltr'>neone.</span> 
     </span>
    </p>
   </div>
   <div class='ocr_carea' id='block_1_6' title="bbox 272 3879 1452 4825">
    <p class='ocr_par' dir='ltr' id='par_1_6' title="bbox 272 3879 1452 4825">
     <span class='ocr_line' id='line_1_31' title="bbox 372 3879 1451 3970; baseline -0.001 -23"><span class='ocrx_word' id='word_1_259' title='bbox 372 3882 494 3970; x_wconf 82' lang='grc' dir='ltr'><strong><em>διὲφυν.</em></strong></span> <span class='ocrx_word' id='word_1_260' title='bbox 549 3886 566 3949; x_wconf 90' lang='lat' dir='ltr'>l</span> <span class='ocrx_word' id='word_1_261' title='bbox 597 3887 637 3950; x_wconf 89' lang='grc'>61</span> <span class='ocrx_word' id='word_1_262' title='bbox 671 3886 754 3966; x_wconf 84' lang='grc' dir='ltr'><strong><em>μετὰ</em></strong></span> <span class='ocrx_word' id='word_1_263' title='bbox 788 3881 832 3961; x_wconf 83' lang='grc' dir='ltr'>δέ,</span> <span class='ocrx_word' id='word_1_264' title='bbox 868 3882 903 3947; x_wconf 82' lang='grc' dir='ltr'>οδ</span> <span class='ocrx_word' id='word_1_265' title='bbox 933 3883 1047 3968; x_wconf 73' lang='grc' dir='ltr'><strong><em>πολλῷ</em></strong></span> <span class='ocrx_word' id='word_1_266' title='bbox 1079 3882 1164 3969; x_wconf 71' lang='grc' dir='ltr'><em>λόγῳ</em></span> <span class='ocrx_word' id='word_1_267' title='bbox 1197 3879 1310 3961; x_wconf 75' lang='grc' dir='ltr'><strong><em>εἰπεῖν,</em></strong></span> <span class='ocrx_word' id='word_1_268' title='bbox 1341 3881 1451 3970; x_wconf 83' lang='grc' dir='ltr'><strong><em>χρόνος</em></strong></span> 
     </span>
     <span class='ocr_line' id='line_1_32' title="bbox 272 3987 1452 4078; baseline -0.001 -24"><span class='ocrx_word' id='word_1_269' title='bbox 272 3988 380 4077; x_wconf 74' lang='grc' dir='ltr'><strong><em>διέφυ</em></strong></span> <span class='ocrx_word' id='word_1_270' title='bbox 403 3988 460 4053; x_wconf 78' lang='grc' dir='ltr'><strong><em>καὶ</em></strong></span> <span class='ocrx_word' id='word_1_271' title='bbox 482 3989 593 4053; x_wconf 77' lang='grc' dir='ltr'><strong><em>πάντα</em></strong></span> <span class='ocrx_word' id='word_1_272' title='bbox 618 4011 697 4078; x_wconf 79' lang='grc' dir='ltr'><strong><em>σφιν</em></strong></span> <span class='ocrx_word' id='word_1_273' title='bbox 720 3988 869 4077; x_wconf 78' lang='grc' dir='ltr'><strong><em>ἐξήρτυτο</em></strong></span> <span class='ocrx_word' id='word_1_274' title='bbox 893 3987 926 4066; x_wconf 76' lang='grc' dir='ltr'>ἐς</span> <span class='ocrx_word' id='word_1_275' title='bbox 948 3991 1005 4077; x_wconf 75' lang='grc' dir='ltr'><strong><em>τὴν</em></strong></span> <span class='ocrx_word' id='word_1_276' title='bbox 1023 3988 1173 4056; x_wconf 80' lang='grc' dir='ltr'><strong><em>υάταδον.</em></strong></span> <span class='ocrx_word' id='word_1_277' title='bbox 1210 3990 1301 4068; x_wconf 78' lang='lat' dir='ltr'>Quod</span> <span class='ocrx_word' id='word_1_278' title='bbox 1316 3991 1452 4056; x_wconf 82' lang='lat' dir='ltr'>Steinius</span> 
     </span>
     <span class='ocr_line' id='line_1_33' title="bbox 283 4093 1451 4183; baseline 0.001 -23"><span class='ocrx_word' id='word_1_279' title='bbox 283 4095 374 4161; x_wconf 88' lang='lat' dir='ltr'>dioit:</span> <span class='ocrx_word' id='word_1_280' title='bbox 403 4093 529 4183; x_wconf 67' lang='lat' dir='ltr'>„dodon</span> <span class='ocrx_word' id='word_1_281' title='bbox 561 4097 850 4181; x_wconf 76' lang='lat' dir='ltr'>ungewdhnlioher,</span> <span class='ocrx_word' id='word_1_282' title='bbox 881 4097 1142 4162; x_wconf 89' lang='lat' dir='ltr'>wahrsoheinlioh</span> <span class='ocrx_word' id='word_1_283' title='bbox 1172 4098 1346 4182; x_wconf 90' lang='lat' dir='ltr'>poetisoher</span> <span class='ocrx_word' id='word_1_284' title='bbox 1373 4098 1451 4162; x_wconf 78' lang='lat' dir='ltr'>Aus-</span> 
     </span>
     <span class='ocr_line' id='line_1_34' title="bbox 284 4202 1451 4292; baseline -0.001 -25"><span class='ocrx_word' id='word_1_285' title='bbox 284 4203 384 4267; x_wconf 90' lang='lat' dir='ltr'>druok</span> <span class='ocrx_word' id='word_1_286' title='bbox 406 4204 454 4268; x_wconf 83' lang='lat' dir='ltr'>fiir</span> <span class='ocrx_word' id='word_1_287' title='bbox 477 4202 588 4289; x_wconf 72' lang='grc' dir='ltr'><strong><em>διῆλθε</em></strong></span> <span class='ocrx_word' id='word_1_288' title='bbox 615 4203 691 4269; x_wconf 86' lang='lat' dir='ltr'>oder</span> <span class='ocrx_word' id='word_1_289' title='bbox 714 4202 902 4286; x_wconf 80' lang='grc' dir='ltr'><strong><em>διεχένετο,“</em></strong></span> <span class='ocrx_word' id='word_1_290' title='bbox 932 4205 1056 4269; x_wconf 92' lang='lat' dir='ltr'>omnino</span> <span class='ocrx_word' id='word_1_291' title='bbox 1086 4213 1184 4292; x_wconf 78' lang='grc' dir='ltr'><strong><em>φῦναι</em></strong></span> <span class='ocrx_word' id='word_1_292' title='bbox 1214 4204 1342 4286; x_wconf 88' lang='lat' dir='ltr'>eiusque</span> <span class='ocrx_word' id='word_1_293' title='bbox 1372 4224 1451 4268; x_wconf 94' lang='lat' dir='ltr'>oom-</span> 
     </span>
     <span class='ocr_line' id='line_1_35' title="bbox 282 4301 1451 4396; baseline 0.002 -24"><span class='ocrx_word' id='word_1_294' title='bbox 282 4308 385 4392; x_wconf 88' lang='lat' dir='ltr'>posita</span> <span class='ocrx_word' id='word_1_295' title='bbox 408 4310 569 4376; x_wconf 86' lang='lat' dir='ltr'>usitatiora</span> <span class='ocrx_word' id='word_1_296' title='bbox 599 4311 674 4376; x_wconf 93' lang='lat' dir='ltr'>olim</span> <span class='ocrx_word' id='word_1_297' title='bbox 703 4311 797 4376; x_wconf 86' lang='lat' dir='ltr'>fuisse</span> <span class='ocrx_word' id='word_1_298' title='bbox 828 4332 884 4394; x_wconf 91' lang='lat' dir='ltr'>pro</span> <span class='ocrx_word' id='word_1_299' title='bbox 915 4306 1080 4395; x_wconf 76' lang='grc' dir='ltr'><strong><em>γίγνεσθαι</em></strong></span> <span class='ocrx_word' id='word_1_300' title='bbox 1110 4310 1174 4396; x_wconf 78' lang='lat' dir='ltr'>(uel</span> <span class='ocrx_word' id='word_1_301' title='bbox 1197 4301 1293 4396; x_wconf 81' lang='grc' dir='ltr'><strong><em>εἶναι)</em></strong></span> <span class='ocrx_word' id='word_1_302' title='bbox 1324 4311 1451 4392; x_wconf 88' lang='lat' dir='ltr'>eiusque</span> 
     </span>
     <span class='ocr_line' id='line_1_36' title="bbox 284 4416 1451 4502; baseline 0.002 -22"><span class='ocrx_word' id='word_1_303' title='bbox 284 4416 461 4498; x_wconf 83' lang='lat' dir='ltr'>compositis</span> <span class='ocrx_word' id='word_1_304' title='bbox 492 4418 543 4481; x_wconf 85' lang='lat' dir='ltr'>nel</span> <span class='ocrx_word' id='word_1_305' title='bbox 575 4438 613 4482; x_wconf 86' lang='lat' dir='ltr'>ex</span> <span class='ocrx_word' id='word_1_306' title='bbox 644 4419 779 4482; x_wconf 89' lang='lat' dir='ltr'>Homero</span> <span class='ocrx_word' id='word_1_307' title='bbox 812 4424 951 4502; x_wconf 90' lang='lat' dir='ltr'>apparet.</span> <span class='ocrx_word' id='word_1_308' title='bbox 998 4418 1127 4500; x_wconf 89' lang='lat' dir='ltr'>Antiqui</span> <span class='ocrx_word' id='word_1_309' title='bbox 1160 4418 1256 4500; x_wconf 80' lang='lat' dir='ltr'>igitur</span> <span class='ocrx_word' id='word_1_310' title='bbox 1286 4437 1360 4482; x_wconf 89' lang='lat' dir='ltr'>usus</span> <span class='ocrx_word' id='word_1_311' title='bbox 1392 4417 1451 4482; x_wconf 89' lang='lat' dir='ltr'>hoo</span> 
     </span>
     <span class='ocr_line' id='line_1_37' title="bbox 282 4525 1451 4607; baseline 0.003 -22"><span class='ocrx_word' id='word_1_312' title='bbox 282 4528 357 4605; x_wconf 91' lang='lat' dir='ltr'>puto</span> <span class='ocrx_word' id='word_1_313' title='bbox 380 4542 447 4588; x_wconf 88' lang='lat' dir='ltr'>esse</span> <span class='ocrx_word' id='word_1_314' title='bbox 471 4525 659 4607; x_wconf 84' lang='lat' dir='ltr'>exemplum:</span> <span class='ocrx_word' id='word_1_315' title='bbox 689 4545 762 4588; x_wconf 90' lang='lat' dir='ltr'>nam</span> <span class='ocrx_word' id='word_1_316' title='bbox 793 4525 869 4606; x_wconf 91' lang='lat' dir='ltr'>quid</span> <span class='ocrx_word' id='word_1_317' title='bbox 898 4529 1020 4590; x_wconf 87' lang='lat' dir='ltr'>seoutus</span> <span class='ocrx_word' id='word_1_318' title='bbox 1049 4525 1204 4607; x_wconf 84' lang='lat' dir='ltr'>poeticam</span> <span class='ocrx_word' id='word_1_319' title='bbox 1235 4525 1264 4591; x_wconf 91' lang='lat' dir='ltr'>h.</span> <span class='ocrx_word' id='word_1_320' title='bbox 1287 4526 1306 4592; x_wconf 91' lang='lat' dir='ltr'>l.</span> <span class='ocrx_word' id='word_1_321' title='bbox 1336 4543 1451 4607; x_wconf 83' lang='lat' dir='ltr'>ponere</span> 
     </span>
     <span class='ocr_line' id='line_1_38' title="bbox 282 4629 1451 4716; baseline 0 -23"><span class='ocrx_word' id='word_1_322' title='bbox 282 4629 415 4712; x_wconf 88' lang='lat' dir='ltr'>potuerit</span> <span class='ocrx_word' id='word_1_323' title='bbox 429 4650 538 4696; x_wconf 86' lang='lat' dir='ltr'>uooem</span> <span class='ocrx_word' id='word_1_324' title='bbox 550 4631 734 4715; x_wconf 67' lang='lat' dir='ltr'>Herodotus</span> <span class='ocrx_word' id='word_1_325' title='bbox 757 4633 856 4698; x_wconf 85' lang='lat' dir='ltr'>fateor</span> <span class='ocrx_word' id='word_1_326' title='bbox 878 4652 928 4699; x_wconf 85' lang='lat' dir='ltr'>me</span> <span class='ocrx_word' id='word_1_327' title='bbox 942 4633 1035 4716; x_wconf 88' lang='lat' dir='ltr'>plane</span> <span class='ocrx_word' id='word_1_328' title='bbox 1049 4651 1111 4697; x_wconf 91' lang='lat' dir='ltr'>non</span> <span class='ocrx_word' id='word_1_329' title='bbox 1124 4631 1314 4714; x_wconf 83' lang='lat' dir='ltr'>intellegere.</span> <span class='ocrx_word' id='word_1_330' title='bbox 1340 4633 1451 4712; x_wconf 86' lang='lat' dir='ltr'>Itaque</span> 
     </span>
     <span class='ocr_line' id='line_1_39' title="bbox 282 4732 1405 4825; baseline 0.005 -26"><span class='ocrx_word' id='word_1_331' title='bbox 282 4735 393 4801; x_wconf 91' lang='lat' dir='ltr'>similis</span> <span class='ocrx_word' id='word_1_332' title='bbox 416 4742 463 4801; x_wconf 88' lang='lat' dir='ltr'>est</span> <span class='ocrx_word' id='word_1_333' title='bbox 485 4738 564 4803; x_wconf 86' lang='lat' dir='ltr'>ratio</span> <span class='ocrx_word' id='word_1_334' title='bbox 587 4737 678 4803; x_wconf 90' lang='lat' dir='ltr'>huius</span> <span class='ocrx_word' id='word_1_335' title='bbox 700 4738 788 4803; x_wconf 89' lang='lat' dir='ltr'>uerbi</span> <span class='ocrx_word' id='word_1_336' title='bbox 811 4739 841 4803; x_wconf 86' lang='lat' dir='ltr'>ei</span> <span class='ocrx_word' id='word_1_337' title='bbox 863 4758 945 4820; x_wconf 84' lang='lat' dir='ltr'>quae</span> <span class='ocrx_word' id='word_1_338' title='bbox 967 4739 1025 4803; x_wconf 84' lang='lat' dir='ltr'>fnit</span> <span class='ocrx_word' id='word_1_339' title='bbox 1038 4739 1126 4804; x_wconf 87' lang='lat' dir='ltr'>uerbi</span> <span class='ocrx_word' id='word_1_340' title='bbox 1149 4732 1261 4825; x_wconf 76' lang='grc' dir='ltr'><strong><em>ἐνέφυν</em></strong></span> <span class='ocrx_word' id='word_1_341' title='bbox 1284 4739 1325 4824; x_wconf 89' lang='lat' dir='ltr'>(p.</span> <span class='ocrx_word' id='word_1_342' title='bbox 1341 4736 1405 4821; x_wconf 87' lang='grc'>56).</span> 
     </span>
    </p>
   </div>
   <div class='ocr_carea' id='block_1_7' title="bbox 0 0 1750 5348">
    <p class='ocr_par' dir='ltr' id='par_1_7' title="bbox 0 0 1750 5348">
     <span class='ocr_line' id='line_1_40' title="bbox 0 0 1750 5348; baseline 0 0"><span class='ocrx_word' id='word_1_343' title='bbox 0 0 1750 5348; x_wconf 95' lang='lat' dir='ltr'> </span> 
     </span>
    </p>
   </div>
  </div>
 </body>
</html>
