3492 5358
731 409 953 474 -25..

258 619 484 706 Aristagorae).
507 621 568 685 Vll
584 622 624 685 10
636 623 671 703 β)
694 621 740 707 (in
754 620 894 685 oratione
907 619 1082 706 Artabani).
1106 619 1152 687 (ll.
1169 623 1200 682 Γ
1210 620 1283 685 338.
1307 621 1336 681 E
1351 619 1425 685 529.

257 730 297 791 Λ
326 727 385 808 43,
419 727 494 791 483.
543 728 574 787 Y
595 727 657 791 169
690 731 758 792 cett.
810 725 902 803 Quod
937 725 1023 809 apud
1058 726 1240 808 scriptorem
1284 725 1425 790 Ionicum

259 831 449 897 adiectiuum
478 830 564 896 haud
587 830 681 896 dubie
707 831 765 896 fuit
786 830 994 910 tritissimum,
1025 830 1111 896 idem
1134 829 1220 914 apud
1243 831 1424 895 uetustiores

260 937 380 1002 Atticos
416 937 510 1002 fuisse
542 936 628 1001 haud
658 956 782 1022 prorsus
826 937 1007 1001 inusitatum
1045 937 1273 1020 Xenophonteo
1313 935 1425 1002 docent

262 1043 420 1126 exempla:
453 1042 491 1107 cf.
522 1043 581 1109 An.
601 1043 645 1108 IV
676 1044 713 1121 3,
745 1044 776 1108 4.
815 1045 849 1120 t,
875 1042 924 1109 15.
957 1041 1027 1126 Cyr.
1050 1042 1067 1106 Ι
1092 1042 1122 1125 4,
1145 1043 1198 1107 22.

352 1178 535 1269 ἀλλόθροος.
589 1183 606 1247 Ι
638 1184 679 1247 78
713 1181 851 1269 στρατὸν
882 1175 1057 1268 ἀλλόθροον
1086 1176 1306 1268 προςδόκιμον
1342 1172 1424 1246 εἶναι

260 1283 395 1375 Κροίσῳ
419 1285 477 1352 ἐπὶ
491 1289 548 1376 την
560 1285 672 1375 χώρην.
719 1289 768 1354 III
784 1291 823 1353 11
847 1282 1051 1375 μεμφόμενοι
1069 1291 1116 1372 τῷ
1142 1287 1232 1376 Φάνη
1256 1287 1307 1352 ὅτι
1331 1308 1424 1375 στρα-

257 1394 314 1458 τόν
336 1390 450 1480 ἤγαγεν
472 1390 525 1456 ἐπ’
548 1387 724 1478 Αἴγυπτον
747 1389 930 1481 ἀλλόθροον.
977 1394 1023 1460 (tf.
1047 1417 1069 1456 α
1094 1396 1165 1460 183.
1193 1417 1212 1477 γ
1234 1397 1308 1460 302.
1332 1393 1351 1472 ξ
1371 1396 1423 1461 43.

258 1522 276 1565 ο
299 1501 373 1567 452.
419 1499 530 1565 Aesoh.
554 1500 615 1581 Ag.
640 1499 734 1565 1155.
763 1501 870 1584 Suppl.
893 1501 967 1566 940.
995 1498 1089 1583 Soph.
1110 1499 1224 1565 Traeh.
1248 1501 1322 1565 844.
1344 1499 1424 1564 Phil.

258 1606 347 1671 540.
377 1605 516 1671 Uerbum
544 1624 611 1670 esse
633 1605 789 1688 poeticum
812 1605 997 1689 concedam,
1029 1604 1122 1670 modo
1151 1606 1340 1689 intellegam,
1371 1625 1424 1671 our

257 1709 300 1793 id,
323 1711 386 1776 tale
410 1730 480 1776 cum
503 1717 598 1794 esset,
620 1704 796 1775 Herodotus
818 1712 849 1778 ll.
864 1712 894 1776 ll.
909 1710 1052 1794 posuerit.
1098 1712 1166 1776 Nec
1184 1716 1288 1777 tamen
1302 1716 1425 1794 praeter

257 1816 405 1880 Nostrum
427 1816 583 1880 inuenitur
605 1815 666 1881 nisi
688 1815 773 1902 epud
796 1817 981 1883 recentiores
1003 1817 1175 1902 scriptores,
1204 1823 1237 1881 ut
1259 1836 1308 1902 ap.
1331 1817 1424 1882 Dion.

197 2021 201 2030 Ι
260 1921 346 1986 (iuss.
368 1921 443 1986 XLI
466 1922 517 1989 60.

347 2059 500 2147 ἀνάρσιος
523 2059 672 2146 (widrig).
716 2062 733 2126 I
758 2062 822 2126 114
851 2061 921 2142 ἅμα
944 2056 1101 2145 ἀγόμενος
1122 2061 1178 2126 τὸν
1199 2061 1309 2125 παῖδα
1332 2059 1424 2148 ἀνάρ-
1473 2045 1482 2061 ’

259 2186 317 2228 σια
339 2165 515 2252 πρήγματα
545 2160 608 2254 ἔφη
637 2164 846 2231 πεπονθέναι.
893 2169 943 2232 ΠΙ
967 2170 1008 2233 10
1038 2164 1129 2231 οὐδέν
1158 2161 1188 2230 σί
1219 2165 1302 2251 μέγα
1332 2163 1424 2254 ἀνάρ-

260 2290 330 2334 σιον
351 2274 487 2358 πρῆγμα
511 2267 701 2361 σινηνείχθη.
748 2273 835 2339 V89
857 2271 949 2357 χρόαν
972 2266 1021 2359 ε’ίη
1045 2270 1193 2353 ἐπισχεῖν
1216 2267 1424 2349 πεπονθότας

255 2375 310 2439 ὑπ’
333 2371 538 2463 Αίγὶνητέιον
566 2375 715 2464 ἀνάρσια.
763 2380 806 2443 90
832 2377 942 2442 πολλά
971 2401 1007 2442 τε
1035 2377 1093 2442 καί
1121 2376 1261 2465 ἀνάρσια
1291 2374 1424 2443 ἔσεσθαι

257 2478 404 2545 αὐτοῖσιν
426 2479 463 2559 ἐξ
476 2475 661 2569 Ἀθηναίων.
708 2485 756 2548 ΙΧ
779 2486 819 2549 3λ
846 2480 964 2572 ἔδησαν
994 2481 1054 2547 ἐπὶ
1084 2483 1213 2568 θανάτῳ
1237 2484 1280 2560 ὡς
1302 2505 1423 2548 πεπον-

257 2582 350 2664 θότες
372 2586 481 2652 πολλά
504 2610 540 2652 τε
568 2586 625 2652 καὶ
655 2587 795 2675 ἀνάρσια
823 2588 878 2652 ὑπ
902 2586 1009 2652 αὐτοῦ.
1058 2592 1122 2655 110
1144 2588 1162 2652 ὁ
1186 2587 1223 2654 δὲ
1254 2585 1359 2654 δεινόν
1387 2612 1423 2654 τε

257 2692 314 2757 καί
337 2692 491 2780 ἀνάρσιον
512 2690 659 2758 ἐποιεῖτο
681 2695 777 2758 τοῦτο
800 2693 858 2774 μὲν
878 2693 1038 2781 ἀδελφεοῦ
1059 2697 1193 2778 γυναῖκα
1206 2695 1421 2782 παραδοῦναι,

254 2803 350 2864 τοῦτο
383 2798 419 2864 δὲ
452 2794 599 2886 ἀναιτίην
630 2796 746 2863 ἐοῦσαν
776 2801 834 2863 τοῦ
871 2800 1062 2886 πρήγματος
1093 2800 1214 2865 τούτου.
1270 2803 1423 2867 Homerus

255 2907 441 2973 uocabulum
464 2912 496 2972 et
517 2906 618 2971 rarius
648 2906 809 2989 usurpauit
840 2913 872 2970 et
900 2926 1023 2992 semper
1055 2906 1095 2972 de
1122 2906 1299 2973 hominibus
1321 2908 1423 2992 posuit

255 3013 308 3095 (=
333 3011 499 3096 inimicus).
548 3011 593 3076 of.
616 3011 647 3072 Ω
671 3012 745 3077 365.
768 3034 788 3074 κ
811 3013 875 3077 459
900 3040 943 3068 =
966 3010 985 3073 λ
1007 3013 1082 3078 401.
1105 3010 1189 3089 ξ85.
1216 3015 1296 3079 Item
1309 3014 1422 3079 Aesch.

254 3118 314 3199 Ag.
337 3119 412 3182 489.
457 3116 550 3200 Soph.
573 3116 686 3182 Trech.
710 3117 784 3184 853.
829 3117 934 3193 Quare
957 3137 1031 3182 num
1052 3118 1120 3183 iuro
1141 3119 1319 3184 Pussowius
1341 3118 1422 3184 affir-

255 3223 349 3287 marit
370 3221 562 3287 Herodotum
584 3221 643 3287 hoc
674 3224 801 3288 uerbum
825 3223 994 3307 poeticum,
1027 3230 1060 3288 ut
1082 3224 1128 3288 eit
1149 3225 1216 3304 ille,
1245 3225 1336 3290 sicuti
1358 3225 1423 3290 alia

255 3329 353 3392 multa
376 3329 416 3393 ab
431 3328 566 3392 Homero
588 3333 762 3392 mutuatum
776 3347 852 3412 esse,
875 3328 1075 3395 uehementer
1088 3349 1147 3413 ego
1162 3329 1277 3397 dubito.
1309 3331 1423 3407 Quem·

257 3452 351 3515 quum
376 3434 452 3499 alibi
475 3453 537 3497 non
559 3433 680 3515 legitur.

345 3567 484 3661 ἀνιηρός.
521 3577 571 3639 ΙΙΙ
587 3577 648 3642 108
672 3571 731 3639 καί
752 3598 816 3652 νιος
838 3580 896 3641 τοῦ
919 3574 1006 3642 θείου
1028 3579 1048 3664 η
1069 3573 1214 3665 προνοίη,
1240 3578 1352 3663 ὥσπερ
1365 3575 1423 3641 καί

255 3675 346 3756 οἰκός
368 3677 466 3758 ἐστιν,
490 3677 588 3745 ἐοῦσα
612 3681 712 3769 σοφή·
738 3680 800 3746 ὅσα
821 3680 880 3763 μὲν
902 3684 963 3770 γάρ
986 3682 1088 3770 ψυχήν
1109 3706 1145 3747 τε
1160 3683 1253 3748 δειλά
1266 3681 1324 3747 καὶ
1345 3680 1421 3746 ἐθώ-

255 3785 346 3866 θιμα,
371 3789 476 3850 ταῦτα
497 3783 557 3868 μὲν
577 3786 689 3851 πάντα
717 3782 881 3872 πολύγονα
910 3769 1100 3875 πεποίηιεν,
1132 3788 1184 3852 ἵνα
1212 3790 1258 3875 μη
1281 3784 1423 3875 ἐπιλίπη

252 3886 503 3971 κατεσθιόμενα,
543 3889 606 3955 ὅσα
643 3890 680 3955 δὲ
716 3889 847 3972 σχέτλια
883 3892 940 3956 καί
972 3892 1103 3982 ἀνιηρά,
1142 3889 1312 3978 ὀλιγόγονα
1343 3893 1420 3957 κτλ.

253 3996 347 4080 Apud
370 3998 553 4076 Homerum,
586 4017 667 4079 quae
690 3999 757 4063 eius
785 4006 832 4064 est
853 4000 956 4082 origo,
986 3999 1177 4064 adiectiuum
1209 3998 1366 4081 significet
1387 3999 1421 4064 id

253 4102 337 4183 quod
359 4103 522 4167 molestum
553 4103 621 4168 siue
651 4104 807 4185 ingratum
837 4111 891 4171 est.
937 4105 979 4170 ef
1003 4108 1026 4186 β
1051 4107 1122 4170 190.
1151 4128 1169 4190 ρ
1192 4106 1257 4169 220
1283 4135 1322 4158 --
1347 4106 1388 4169 37
1393 4108 1421 4170 t.

255 4208 406 4273 Similiter
435 4210 622 4275 uocabulum
652 4207 784 4295 ἀνιαρὸς
815 4209 900 4293 apud
929 4211 1048 4275 Atticos
1079 4216 1259 4293 usurpatum
1289 4217 1351 4275 est:
1388 4215 1422 4275 ut

252 4313 342 4378 Plato
376 4313 453 4380 dicit
484 4315 518 4379 in
548 4315 629 4380 Prot.
657 4335 687 4398 p.
710 4315 776 4379 355
807 4315 834 4379 H
865 4313 1097 4397 μεταλάβωμεν
1129 4315 1169 4403 δὴ
1200 4315 1242 4378 τά
1277 4305 1422 4395 ὀνόματα

251 4412 356 4482 πάλιν
378 4417 417 4482 τὸ
439 4418 499 4505 ἡδύ
520 4441 556 4484 τε
578 4417 635 4483 καί
659 4417 790 4506 ἀνιαρόν
812 4416 871 4483 ἐπί
884 4422 953 4495 τοῖς
967 4417 1078 4499 αὐτοῖς
1090 4421 1225 4498 τούτοις,
1250 4419 1308 4484 καί
1327 4418 1421 4505 λέγω·

253 4547 313 4607 μεν
336 4523 386 4589 ότι
410 4522 579 4611 ἀνθριοπος
602 4524 744 4612 πράττει
767 4564 808 4573 -
832 4521 909 4590 τότε
931 4522 990 4606 μὲν
1011 4522 1158 4610 ἐλέγομεν
1180 4527 1222 4590 τά
1245 4520 1345 4604 κακά,
1369 4528 1422 4589 νῦν
