3492 5358
759 465 987 533 ..14-

283 675 375 745 dotus
398 678 526 746 uerbum
548 680 652 765 posuit
674 682 739 746 fere
762 681 796 746 in
819 681 1018 767 orationibus,
1048 681 1142 749 modo
1155 702 1195 748 nc
1215 680 1277 746 due
1301 678 1459 747 obstarent

284 786 368 867 loca,
394 787 420 852 V
443 789 483 853 21
509 793 541 853 et
563 787 624 854 VII
650 790 721 873 197,
750 789 873 874 poetico
903 788 963 856 hoc
992 790 1145 856 uocabulo
1175 809 1247 855 eum
1277 807 1345 855 esse
1368 807 1459 853 usum

287 892 458 960 concedere
480 914 543 960 non
566 893 751 962 dubitarem.

376 1053 473 1132 νάκος
497 1088 536 1109 =
562 1056 669 1124 uellus.
715 1057 748 1121 ΙΙ
772 1058 815 1122 42
845 1056 936 1144 κριὸν
959 1053 1149 1146 ἐκδείραντα
1175 1051 1401 1144 προσσχέσθαι
1424 1077 1460 1119 τε

287 1162 345 1248 την
367 1160 510 1250 κεφαλὴν
533 1158 751 1245 ἀποταμόντα
773 1167 831 1228 τοῦ
853 1167 947 1252 κριοῦ
964 1163 1022 1229 καί
1043 1162 1175 1229 ένδάντα
1197 1164 1236 1227 τὸ
1258 1161 1354 1239 νάκος
1377 1161 1460 1226 οὕτω

285 1262 315 1331 οἳ
348 1262 466 1332 ἑαυτὸν
496 1265 661 1347 ἐπιδέξαι.
708 1271 862 1337 Homerus
891 1272 988 1338 semel
1017 1292 1091 1337 usus
1120 1278 1167 1339 est
1195 1272 1296 1336 forma
1323 1269 1404 1355 νάιη
1426 1269 1459 1333 in

285 1372 399 1450 5530.
449 1370 560 1451 Νάκος
590 1396 666 1443 sane
698 1377 856 1443 inuenitur
886 1399 948 1443 non
980 1378 1041 1444 nisi
1071 1377 1156 1464 apud
1187 1383 1310 1462 poetas,
1340 1383 1374 1441 ut
1407 1396 1458 1461 ap.

285 1481 401 1550 Simon.
425 1483 458 1548 in
481 1483 528 1550 nt.
553 1483 594 1550 M.
617 1504 646 1567 p.
663 1484 736 1564 597,
760 1486 790 1568 6,
820 1484 911 1552 Pind.
934 1485 1025 1572 Pyth.
1049 1486 1094 1552 IV
1119 1487 1191 1570 121,
1224 1486 1356 1550 Theocr.
1379 1484 1407 1548 V
1430 1485 1459 1568 2,

284 1589 411 1657 Anthol.
434 1589 479 1655 VI
511 1591 568 1674 78,
600 1596 656 1655 aut
687 1590 720 1655 in
752 1591 875 1676 scriptis
910 1599 1071 1659 auctorum
1104 1592 1326 1676 recentiorum,
1363 1590 1460 1655 ueluti

285 1696 417 1780 Josephi
446 1696 487 1783 (b.
511 1698 536 1763 I.
559 1697 620 1763 VII
647 1699 710 1783 14),
742 1698 879 1765 Pollucis
902 1698 972 1786 (On.
996 1700 1058 1765 VII
1081 1699 1145 1784 68),
1178 1699 1311 1765 Luciani
1341 1697 1460 1783 (Amor.

284 1804 337 1868 34.
361 1803 432 1869 Dea
455 1803 549 1890 Syria
572 1804 638 1889 55).
684 1805 855 1889 Ilolgarem
877 1812 982 1873 tanmn
1016 1807 1112 1873 fuisse
1134 1807 1264 1872 uerbum
1286 1806 1338 1870 uel
1361 1825 1400 1870 ex
1422 1824 1459 1869 eo

285 1909 480 1994 perspicitur,
503 1910 587 1993 quod
609 1911 819 1996 Hippocrates
845 1914 1007 1998 usurpauit
1028 1911 1213 2002 νακοδέψης
1237 1944 1276 1966 =
1302 1911 1460 1978 coriarius.

286 2016 331 2083 of.
355 2017 468 2083 Athen.
491 2017 569 2083 VIII
591 2039 620 2102 p.
645 2019 710 2085 352
733 2021 770 2085 Β.

374 2176 472 2266 νάπη.
497 2179 551 2248 IV.
578 2178 638 2244 157
664 2173 797 2242 ἔκτισαν
819 2176 919 2268 αὐτῆς
941 2180 1000 2268 τῆς
1027 2179 1157 2268 Λιβύης
1179 2182 1283 2266 χῶρον
1306 2177 1378 2242 άντὶ
1402 2181 1460 2268 τῆς

284 2284 380 2372 νήσου
409 2287 456 2369 τῷ
479 2281 598 2367 οίίνομα
628 2274 667 2375 ἦν
687 2277 830 2372 Ἄζιρις·
854 2286 911 2350 τὸν
939 2286 1046 2350 νάπαι
1075 2284 1251 2350 κάλλισται
1280 2282 1333 2349 ἐπ’
1357 2283 1459 2373 ἀμφά-

187 2450 195 2467 ,
286 2414 364 2477 τερα
406 2385 611 2481 συγκληίουσι
652 2390 708 2456 καί
754 2393 905 2475 ποταμὸς
947 2395 989 2456 τά
1028 2389 1086 2456 ἐπὶ
1126 2392 1246 2480 θάτερα
1288 2393 1459 2480 παραρρεῖ.

285 2498 407 2563 Νάπαι
437 2494 610 2562 κάλλισται
640 2499 786 2565 uidentur
815 2521 883 2566 esse
913 2502 1008 2567 collos
1037 2502 1088 2566 uel
1119 2501 1216 2566 saltus
1240 2500 1459 2566 amoenissimi.

286 2607 401 2673 Contra
444 2606 530 2691 apud
569 2608 727 2674 Homerun
764 2608 798 2673 in
836 2628 928 2674 uersu
970 2610 999 2673 Θ
1029 2608 1093 2674 558
1127 2640 1165 2661 =
1204 2611 1243 2670 Π
1269 2610 1336 2674 300
1371 2605 1461 2695 νάπη

285 2713 399 2780 dicitur
422 2734 490 2780 esse
527 2715 694 2800 conuallis‚
730 2734 920 2798 quamquam
950 2715 990 2781 de
1020 2716 1081 2782 hac
1120 2735 1153 2781 rc
1185 2714 1291 2781 licebit
1332 2715 1462 2780 fortasm

285 2820 436 2887 dubitare.
482 2820 547 2886 Sed
577 2820 664 2906 apud
693 2828 812 2888 ceteros
845 2822 962 2887 uallem
998 2822 1172 2888 siluestrem
1205 2821 1366 2909 (saltumll
1397 2821 1461 2886 lere

285 2926 451 3010 significat.
497 2927 683 2995 Accuratius
706 2934 811 2993 tamen
842 2928 965 2995 dehoc
995 2929 1089 2995 uerbo
1121 2948 1272 3011 quaerere
1294 2949 1377 2994 nunc
1402 2948 1460 3010 ego

285 3033 489 3117 supersedeo,
525 3035 601 3118 quia
637 3055 739 3118 neque
776 3037 887 3101 Ionum
923 3056 1025 3119 neque
1057 3036 1231 3102 Atticorum
1263 3057 1284 3101 a
1320 3055 1461 3101 sermone

285 3140 423 3226 pedestri
446 3141 584 3207 alionum
608 3149 671 3227 est,
694 3142 751 3208 sed
773 3143 890 3226 legitur
912 3149 943 3209 et
966 3142 1053 3228 apud
1074 3143 1299 3228 Hippocratem
1322 3149 1354 3208 et
1376 3140 1461 3226 apud

285 3248 532 3332 Xenophontem.
579 3249 624 3317 Of.
649 3251 707 3316 An.
731 3250 775 3317 IV
799 3250 828 3328 5,
855 3250 905 3316 15.
930 3251 981 3316 18.
1004 3251 1031 3316 V
1055 3252 1085 3334 2,
1108 3253 1160 3317 31.

375 3405 492 3499 νέηλυς.
521 3410 537 3474 Ι
563 3412 624 3477 118
655 3409 711 3474 τὸν
735 3412 875 3474 σεωυτοῦ
907 3409 1017 3475 παῖδα
1048 3408 1255 3498 ἀπόπεμψον
1282 3409 1376 3496 παρὰ
1406 3407 1462 3471 τὸν

284 3516 395 3580 παῖδα
425 3516 481 3580 τὸν
510 3515 653 3604 νεήλυδα.
700 3517 807 3584 Ucrba
836 3525 907 3583 sunt
938 3518 1098 3604 Astyagis,
1145 3519 1191 3585 Cf.
1214 3522 1248 3581 K
1275 3519 1355 3595 434,
1386 3516 1460 3582 558.

285 3623 423 3690 Uerbum
465 3625 628 3709 usurpauit
674 3625 769 3690 etiam
808 3626 898 3690 Plato
940 3624 980 3690 dc
1018 3626 1117 3708 Legg.
1153 3625 1216 3705 IX,
1254 3645 1284 3709 p.
1317 3626 1381 3690 879
1415 3622 1460 3687 Ι);

289 3725 332 3807 ὡς
356 3728 489 3808 δἀίίτως
512 3729 567 3795 καί
597 3727 684 3809 ξένου
708 3727 916 3820 ἀπείργοιτο,
942 3725 1008 3797 εἴτε
1030 3729 1139 3796 πάλαι
1163 3729 1369 3808 ἐνοικοῦντος,
1395 3724 1461 3793 εἴτε

285 3836 433 3926 νεήλυδος
456 3831 633 3927 ἀφιγμένου
641 3859 653 3904 .·
684 3858 785 3920 neque
815 3838 850 3903 id
880 3838 968 3905 deest
996 3839 1235 3925 recentioribus,
1267 3837 1324 3905 sed
1347 3837 1462 3920 legitur

287 3965 336 4029 ap.
364 3946 438 4013 Luc.
462 3946 498 4012 V.
520 3947 560 4014 Η.
592 3947 683 4013 133.
730 3945 971 4012 Concedendum
1000 3953 1106 4013 tamen
1134 3934 1244 4013 uocem
1274 3966 1336 4011 non
1366 3945 1461 4010 fuisse

285 4051 530 4121 usitatissimam.

376 4211 510 4290 *νεῖκος
539 4247 578 4269 --
609 4220 782 4299 certamen,
822 4216 937 4282 bellum
972 4213 1107 4304 (Fehde)
1139 4215 1188 4281 III
1221 4217 1264 4281 62
1301 4210 1358 4277 οὐκ
1390 4207 1461 4277 έστι

287 4321 393 4383 ταῦτα
440 4316 575 4409 ἀληθέα,
624 4320 706 4398 άιως
751 4319 826 4385 κοτέ
872 4319 925 4386 σοὶ
971 4319 1111 4409 Σμέρδις
1156 4313 1313 4410 ἀδελφεάς
1352 4318 1370 4383 ὁ
1406 4320 1463 4396 σὸς

286 4423 520 4516 ἐπανέστηκεν·
545 4424 619 4492 οὐδέ
643 4427 724 4505 ὅκως
747 4424 783 4506 ἐξ
804 4423 926 4493 ἐκείνου
948 4431 1006 4493 τοῦ
1030 4426 1145 4516 άνδρδς
1167 4426 1272 4505 νεῖκός
1293 4451 1347 4492 τοι
1367 4421 1461 4491 ἔσται

287 4531 411 4620 ἢμέγα
441 4533 461 4621 ἢ
491 4532 635 4622 σμικράν.
681 4537 889 4603 Πατσανιοτ
920 4537 1094 4621 Prexaspis.
1139 4536 1250 4602 v142
1283 4532 1374 4601 οὐδέν
1402 4531 1462 4598 ἐπὶ
1570 4577 1578 4589 .

286 4638 388 4706 πλέον
419 4638 543 4727 ἐγένετο
575 4643 696 4707 τούτων
727 4640 760 4719 ἐς
791 4647 895 4720 νεῖκος
927 4641 1023 4732 φέρον
1055 4642 1323 4731 („Feindseliges“
1352 4640 1462 4729 Stein.)
