3492 5358
744 468 968 534 ...57-

359 681 400 768 (V)
414 681 432 718 '¹‘
456 678 596 768 ἐποροίοι.
645 681 755 747 V152
788 680 905 770 ταύτην
938 678 974 745 δέ
1000 682 1106 745 τεκεῖν
1129 675 1259 762 όίύυμα,
1284 677 1443 744 ἐπιδόντα

272 786 309 853 dd
339 787 396 853 τόν
421 779 654 874 Ἀριστόδημον
684 787 727 851 τὰ
756 783 851 851 τέκνα
883 786 1043 852 τελευτᾶν.
1089 788 1227 854 Sicinius
1259 786 1442 871 explioauit:

272 889 394 979 ἐπορᾶν
425 895 587 979 „erleben“
618 913 719 977 noque
750 894 873 978 incepte
906 895 1035 960 contulit
1074 900 1111 957 X
1137 896 1178 960 61
1213 887 1326 981 φθίσει
1357 893 1443 956 κακοὶ
1570 957 1573 965 ,

269 998 363 1066 πόλλ’
387 998 555 1066 ἐπιδόντα,
602 999 666 1066 Sed
690 1000 761 1065 miri
786 1001 819 1065 in
842 1000 902 1067 hoc
931 1001 1011 1066 nihil
1041 1001 1137 1086 inest,
1169 1000 1317 1083 quonium
1348 1000 1443 1065 etiam

270 1107 453 1173 Latinorum
484 1105 593 1173 uidere
625 1106 686 1173 hac
716 1108 836 1172 ratione
869 1108 995 1192 saepius
1025 1108 1158 1192 ponitur.
1204 1108 1307 1190 Atque
1339 1127 1379 1172 ea
1411 1107 1444 1171 ui

271 1234 352 1296 quoe
375 1219 422 1279 est
445 1213 624 1297 conspicere
638 1214 698 1297 vuel
720 1213 874 1297 inspicere
897 1211 998 1300 (tueri,
1013 1213 1128 1301 uisere)
1151 1214 1281 1279 uerbum
1303 1220 1338 1278 ut
1357 1212 1443 1298 apud

271 1321 439 1386 Homerum
469 1320 515 1384 ita
544 1319 630 1403 opud
653 1320 800 1385 Nostrum
829 1321 906 1385 satis
936 1321 1084 1385 usitatum
1107 1326 1161 1388 est.
1208 1320 1254 1387 01.
1276 1320 1293 1385 Ι
1318 1322 1368 1400 10,
1390 1321 1444 1403 48,

273 1428 433 1512 noros.
457 1426 572 1492 11153.
596 1428 711 1494 Γ211.
735 1449 755 1513 η
778 1428 852 1493 324.
876 1426 894 1489 λ
917 1428 1165 1509 109εμ323.
1188 1451 1206 1490 ν
1228 1428 1302 1492 214.
1325 1428 1442 1494 π144.

272 1559 289 1622 ρ
312 1535 387 1600 481.
423 1533 528 1612 Quare
550 1534 684 1598 imitatio
708 1533 787 1600 haec
809 1534 896 1598 nulla
910 1540 964 1600 est.
981 1572 1021 1582 —
1045 1535 1182 1600 Uerbum
1199 1534 1302 1620 ipsum
1325 1531 1444 1622 ἐφορᾶν

271 1641 366 1707 etiam
398 1639 484 1724 apud
513 1641 680 1725 scriptores
702 1640 823 1706 Atticos
854 1641 980 1726 saepius
1002 1640 1131 1725 legitur,
1162 1641 1251 1706 utin
1273 1640 1372 1707 Thuc.
1394 1641 1444 1704 HI

274 1748 346 1812 104.
376 1747 420 1812 IV
445 1748 517 1812 132.
547 1747 665 1813 1161.
695 1747 774 1812 Xen.
798 1749 856 1813 An.
880 1748 930 1812 III
956 1749 982 1831 1,
1009 1749 1048 1813 13
1072 1745 1246 1834 („erlebe“).
1270 1748 1316 1812 VI
1340 1749 1368 1826 1,
1394 1747 1444 1811 14.

270 1854 331 1918 VII
356 1855 384 1932 1,
407 1855 459 1919 30.
483 1855 512 1937 6,
536 1854 589 1920 31.
611 1852 691 1919 Ηε11.
715 1853 800 1937 114,
826 1855 875 1920 11.
900 1854 971 1938 Gyr.
992 1854 1070 1937 V3,
1095 1853 1147 1919 56.
1171 1855 1223 1920 59.
1246 1854 1344 1937 4,18.
1367 1853 1444 1918 VIII

273 1962 301 2042 1,
316 1961 367 2026 22.
390 1958 510 2043 Vectig.
534 1961 564 2043 6,
591 1961 617 2024 1.
643 1959 722 2025 Plot.
738 1959 830 2042 Gorg.
845 1981 874 2044 p
889 1961 954 2026 413
970 1959 1003 2027 0.
1032 1958 1144 2047 (Legg.
1166 1960 1231 2025 XII
1253 1979 1283 2043 p.
1307 1960 1370 2026 941
1397 1958 1444 2046 0.)
1567 2041 1571 2048 ¹

271 2066 364 2133 Arist.
387 2066 452 2131 Pol.
476 2066 519 2131 VI
543 2066 573 2131 8.
619 2066 712 2132 Isocr.
736 2066 778 2131 IV
803 2068 854 2133 96.
901 2067 992 2132 Dem.
1015 2067 1065 2131 III
1088 2068 1140 2132 34.
1176 2066 1267 2131 XXV
1292 2068 1343 2134 11.

359 2202 498 2294 ἐρεθίζω.
554 2209 604 2272 III
639 2209 701 2272 146
733 2202 882 2294 ἐρεθίσας
912 2197 966 2272 οὖν
997 2208 1072 2284 τοὺς
1107 2204 1240 2294 Πέρσας
1268 2203 1377 2293 ἢθελεν
1401 2206 1444 2283 ὡς

272 2311 493 2378 ἀσθενέστατα
528 2323 670 2400 ποιησαι
701 2313 744 2377 τὰ
777 2312 889 2394 Σάμια
924 2313 1103 2402 πρήγματα
1133 2312 1192 2379 καὶ
1226 2314 1310 2378 odoro
1341 2335 1444 2399 παρα-

273 2416 410 2483 ύιόόναι.
466 2420 509 2484 VI
538 2421 582 2484 40
619 2418 742 2484 Σκύθαι
774 2419 835 2507 γὰρ
875 2414 906 2484 οἶ
944 2419 1084 2502 νομάδες
1126 2417 1342 2507 ἐρεθισθέντες
1377 2417 1445 2482 ὑπὸ

269 2522 424 2608 βασιλέος
446 2519 586 2612 Δαρείου
616 2524 858 2614 συνετρόφησαν
886 2524 944 2590 καὶ
972 2522 1094 2613 η’λασαν
1123 2525 1216 2614 μέχρι
1246 2536 1303 2612 της
1326 2530 1443 2612 Χερρο-

271 2630 367 2718 νήσου
389 2631 514 2721 ταύτης.
552 2633 598 2698 01
620 2634 726 2699 Α32.
750 2635 779 2696 Ε
800 2635 873 2699 419.
898 2636 928 2696 Ρ
948 2633 1022 2700 658.
1046 2634 1078 2697 Ω
1100 2634 1174 2700 560.
1199 2657 1216 2720 ρ
1239 2634 1305 2698 394
1328 2630 1361 2719 (τ
1378 2631 1444 2719 45).

272 2739 342 2804 on
364 2739 461 2803 uariis
483 2738 659 2803 notionibus
689 2758 770 2821 quoe
802 2740 842 2804 ab
874 2738 1027 2805 incitandi
1058 2739 1316 2804 inflammandiue
1349 2738 1444 2821 signi-

270 2844 416 2910 ficatione
448 2844 642 2911 deducuntur
680 2845 758 2911 satis
789 2845 928 2928 uolgaris
960 2852 1014 2913 est.
1070 2846 1115 2913 01.
1146 2846 1254 2931 Polyb.
1286 2846 1383 2929 181,
1414 2847 1444 2911 6.

273 2952 348 3017 Luc.
371 2951 442 3016 Am.
465 2953 519 3020 22.
565 2950 689 3019 Heliod.
712 2953 790 3018 VIII
812 2954 842 3019 9.

361 3089 462 3180 ἐρύκω
486 3092 708 3177 :prohibeo
753 3094 798 3159 IV
823 3094 886 3159 125
915 3085 1114 3180 Ἀγοίθυρσοι
1143 3089 1204 3174 μέν
1225 3087 1445 3180 προείπαντες

271 3209 375 3262 ταῦτα
407 3196 556 3286 ἐβοήθεον
588 3197 647 3264 ἐπὶ
669 3199 743 3276 τοὺς
766 3197 891 3288 ούρους,
921 3198 1043 3287 ἐρύκειν
1072 3197 1105 3263 ἐν
1125 3197 1188 3284 νόηι
1218 3193 1341 3280 ἐφοντες
1370 3200 1444 3276 τούς

273 3303 437 3382 ἐπιόντας.
483 3307 511 3372 V
536 3307 576 3372 15
609 3300 639 3370 οἳ
663 3303 723 3388 μέν
753 3306 792 3392 δὴ
814 3303 958 3383 Παίονες
988 3296 1072 3396 ἦσαν
1100 3303 1228 3388 ἕτοιμοι
1256 3305 1313 3370 τὸν
1334 3310 1444 3391 Μεγα-

271 3411 367 3495 βύζου
399 3411 537 3499 στρατόν
576 3409 714 3476 ἐπιόντα
752 3409 883 3499 ἐρύκειν.
937 3414 984 3478 IX
1014 3414 1057 3478 46
1094 3409 1278 3499 ἐρυκόμενοι
1315 3410 1351 3477 dc*
1386 3421 1444 3476 τοῦ

266 3513 422 3582 Ἀσωποῦ
445 3517 528 3582 ούτιυ
552 3518 591 3604 dd
615 3516 673 3583 ἐπὶ
696 3520 754 3607 την
775 3518 890 3608 κρήνην
911 3513 1061 3604 ἐφοίτων.
1100 3519 1146 3585 01.
1169 3522 1207 3583 A
1227 3518 1302 3585 352.
1329 3520 1444 3602 0291,

273 3626 348 3691 450.
372 3628 402 3688 Ρ
421 3626 497 3692 292.
521 3627 550 3686 Σ
574 3627 645 3690 126.
669 3648 685 3689 ε
710 3628 783 3691 166.
808 3649 820 3688 ι
843 3627 917 3692 302.
939 3650 959 3705 χ
985 3627 1057 3692 138.
1084 3626 1179 3713 (Aliis
1201 3625 1279 3691 Iocis
1301 3625 1387 3689 ualet
1408 3624 1444 3689 id

272 3732 356 3814 quod
378 3732 515 3817 cohibeo,
546 3732 630 3817 sisto,
663 3732 788 3817 retineo,
821 3731 976 3818 distineo).
1023 3731 1118 3817 Apud
1140 3733 1288 3798 Nostrum
1317 3730 1443 3813 quidem

272 3840 401 3905 uerbum
423 3858 492 3905 esse
519 3839 675 3922 poeticum
708 3859 771 3904 non
801 3838 953 3924 concedo,
985 3838 1041 3904 sed
1074 3839 1217 3905 moseres
1247 3838 1343 3904 etiam
1363 3838 1443 3902 Xeu.

272 3947 331 4012 An.
354 3947 403 4011 III
428 3948 456 4030 1,
479 3946 531 4012 25.
568 3946 662 4013 Arist.
685 3946 762 4013 Hist.
787 3947 845 4012 An.
869 3946 992 4013 11131.
1028 3945 1137 4030 Polyb.
1161 3966 1211 4030 ap.
1226 3944 1315 4012 Suid.
1352 3944 1443 4011 Dion.

272 4053 343 4119 Hel.
367 4054 451 4118 Autt.
474 4052 552 4117 VIII
574 4053 626 4119 85.

361 4191 489 4258 θοινόω.
536 4196 640 4260 1129
673 4186 776 4280 εἴρετό
808 4218 865 4274 μιν
896 4192 982 4280 πρὸς
1009 4192 1049 4257 τὸ
1078 4187 1198 4257 ἐαυτοῦ
1229 4192 1376 4277 δεῖπνον,
1406 4191 1444 4256 τό

271 4324 328 4381 μιν
364 4298 485 4377 ἐκεῖνος
521 4297 616 4384 σαρξὶ
651 4310 709 4365 τοῦ
744 4300 869 4376 παιδὸς
906 4295 1077 4388 ἐθοίνησεν.
1130 4299 1236 4365 Semel
1266 4300 1379 4382 legitur
1411 4300 1444 4364 iu

272 4406 432 4493 Odyssea,
456 4407 475 4472 d
498 4410 541 4473 36
566 4403 599 4484 ἐς
623 4406 651 4471 d'
675 4404 790 4483 αὐτούς
811 4405 960 4494 προτέρω
984 4405 1042 4492 ίέμε
1066 4411 1260 4494 θοινηθῆναι.
1307 4407 1443 4472 Uerbum

272 4515 313 4579 ab
336 4513 494 4580 Herodoto
526 4519 682 4599 sumptum
705 4533 773 4579 esse
796 4533 835 4578 ex
857 4514 994 4579 Homero
1017 4513 1069 4578 uel
1088 4518 1253 4598 propterea
1281 4533 1443 4597 negamus,

272 4620 348 4702 quia
370 4621 424 4686 illo
449 4626 576 4705 usurpat
599 4621 695 4686 etiam
718 4614 807 4708 θοίνη
829 4620 880 4706 (cf.
903 4620 920 4683 Ι
945 4622 1017 4686 119.
1040 4620 1085 4685 IV
1106 4618 1171 4704 82),
1194 4618 1238 4684 ἰό
1252 4619 1335 4702 quod
1358 4619 1444 4704 apud
