3492 5358
717 478 941 546 ..31...

252 693 349 762 ferus:
371 692 484 780 „wohl
505 692 604 760 kaum
618 693 669 759 ein
683 692 893 758 homerisehes
905 691 1092 777 Epithet0n“
1113 688 1214 774 inquit
1233 690 1424 776 „gebraueht

253 801 393 867 Herodot
406 802 485 866 efter
497 801 545 865 als
559 796 712 886 εὐειδὴς.“
739 797 804 865 Sed
816 799 1004 864 uocabulum
1025 799 1139 880 legitur
1161 799 1260 863 solum
1283 798 1316 862 in
1329 817 1422 863 uersu

255 911 289 970 Γ
306 909 359 991 48,
381 914 416 971 ut
437 912 507 991 post
528 906 697 971 Homerum
721 904 846 970 demum
866 903 1011 969 uideatur
1032 924 1091 969 usu
1113 905 1327 971 inerebmisse.
1372 905 1423 971 Ne

252 1033 327 1078 uero
349 1013 444 1096 plane
467 1011 501 1076 id
524 1011 661 1078 alienum
683 1010 778 1075 fuisse
807 1031 827 1075 a
850 1010 1050 1094 scriptoribus
1072 1010 1186 1076 Atticis
1214 1017 1319 1095 putes,
1348 1009 1424 1075 uide

252 1118 332 1185 Xen.
346 1120 406 1186 An.
420 1118 453 1182 Π
466 1120 497 1200 3,
520 1119 549 1184 3.
578 1117 658 1183 Hell.
672 1116 701 1180 V
714 1102 788 1199 3‚'9.
824 1116 917 1181 Mem.
931 1116 981 1181 III
997 1117 1047 1182 11.
1083 1116 1251 1183 PlatOrit.
1273 1137 1303 1201 p.
1323 1117 1435 1180 4411.-

249 1225 331 1307 Rep.
354 1224 398 1289 VI
419 1244 449 1306 p.
472 1224 539 1288 494
562 1222 587 1288 0
611 1218 749 1308 (εὐειδὴς
770 1218 829 1284 καί
850 1218 974 1307 μέγας).
1017 1222 1097 1287 Plut.
1121 1222 1197 1306 Lye.
1222 1224 1272 1287 17.

343 1377 482 1459 εὐζωνος.
529 1381 620 1446 172.
656 1381 760 1467 μῆκος
791 1376 868 1442 ὁδοῦ
899 1374 1023 1464 εὐζώνῳ
1052 1374 1145 1466 ἀνδρί
1177 1375 1276 1444 πέντε
1305 1376 1422 1466 ἡμέραι

257 1484 517 1567 ἀναισιμοῦνται.
565 1487 630 1551 104
653 1478 726 1548 ἔστι
756 1482 793 1548 δὲ
816 1482 887 1548 άπὸ
915 1486 974 1571 τῆς
1002 1479 1116 1572 λίμνης
1145 1487 1204 1573 τῆς
1233 1483 1425 1571 Μαιὴιιδος

255 1588 314 1655 ἐπὶ
339 1594 447 1655 Φᾶσιν
467 1590 618 1672 ποταμὸν
639 1589 697 1653 καὶ
720 1586 755 1666 ἐς
774 1587 919 1669 Κόλχους
940 1585 1112 1676 τρίηκοντα
1134 1587 1274 1677 ἡμερέων
1297 1587 1421 1674 εὐζώνῳ

255 1695 341 1774 δδδς.
387 1698 487 1763 1134
509 1691 653 1760 ἐνθεῦτεν
675 1692 713 1759 δὲ
735 1692 769 1771 ἐς
786 1695 940 1781 ,Σινώπην
960 1696 1019 1783 τὴν
1041 1693 1074 1759 ἐν
1096 1698 1143 1780 τῷ
1157 1691 1297 1781 Εὐξείνῳ
1311 1693 1423 1780 πόντῳ

253 1802 353 1867 πέντε
388 1801 529 1889 ἡμερέων
566 1797 638 1867 ἰθέα
670 1799 746 1877 ὁδὸς
777 1798 902 1886 εὐζώνῳ
934 1797 1037 1888 ἀνδρί.
1092 1804 1234 1886 Apparet
1265 1802 1316 1867 his
1347 1802 1424 1867 locis

255 1930 364 1975 uoeem
387 1905 520 1987 ιύζωνος
541 1907 627 1974 idem
650 1906 829 1990 significare
851 1896 936 1991 qued
958 1907 1129 1992 expeditus,
1160 1928 1230 1973 eum
1254 1907 1340 1992 apud
1362 1909 1425 1973 Ηο

254 2035 373 2080 merum
396 2016 448 2080 uel
469 2015 503 2079 in
525 2013 627 2080 Iliade
650 2014 698 2097 sit,
723 2045 763 2067 =
787 2014 867 2079 bene
890 2015 1017 2098 eiuetus,
1039 2034 1124 2079 mere
1138 2034 1253 2079 ornans
1266 2012 1425 2097 epitheton

255 2127 286 2186 et
308 2120 391 2204 quod
415 2119 455 2184 de
469 2119 650 2185 mulieribus
663 2119 738 2184 solis
754 2124 895 2202 ponatur.
941 2119 987 2187 ef.
1009 2123 1050 2182 A
1063 2120 1138 2184 429.
1160 2122 1277 2186 Ζ467.
1305 2120 1425 2185 Ψ261.

255 2229 329 2293 760.
352 2226 457 2310 hymn.
481 2224 550 2290 Cer.
573 2226 638 2290 212
662 2230 731 2291 cett.
777 2223 842 2290 Sed
864 2244 904 2290 ea
925 2225 958 2288 ui
990 2243 1053 2306 qua
1074 2224 1251 2290 Herodotus
1272 2225 1424 2291 uocabulo

254 2352 329 2397 usus
362 2338 409 2397 est
434 2330 686 2413 uolgarissimum
718 2337 765 2395 est
794 2329 880 2414 apud
908 2330 1081 2416 scriptores.
1128 2330 1173 2398 cf.
1195 2329 1293 2398 Thus.
1325 2331 1422 2396 1197

159 2420 169 2435 ι
256 2435 322 2522 ὁδῷ
347 2434 449 2500 δὲτὰ
472 2432 701 2516 ξυνιομώτατα
730 2432 768 2513 ἐξ
780 2427 945 2522 Ἀβδήρων
975 2432 1009 2511 ἐς
1029 2428 1156 2523 Ἴστρον
1186 2434 1264 2523 άνὴρ
1294 2432 1426 2514 εὐζωνος

255 2537 463 2618 ἓνδεκαταῖος
484 2541 580 2605 τελεῖ.
625 2542 706 2609 Xen.
731 2541 802 2625 (lyr.
825 2541 870 2607 IV
892 2544 922 2625 2,
947 2541 997 2608 15.
1020 2542 1092 2627 V3,
1116 2543 1168 2608 56.
1213 2543 1271 2610 An.
1287 2542 1330 2608 IV
1344 2545 1374 2625 2,
1394 2546 1424 2609 7.

254 2650 285 2731 e,
308 2651 360 2715 20.
386 2649 416 2733 υ,
438 2649 491 2714 24.
516 2648 560 2713 vi
573 2650 603 2732 3,
620 2648 670 2714 ω.
692 2647 754 2713 v11
766 2649 796 2731 3,
811 2648 853 2712 αι
878 2643 1020 2732 (stimat
1036 2680 1075 2701 =
1091 2648 1202 2713 uelites
1224 2648 1318 2732 1113,
1342 2650 1371 2715 υ.
1396 2648 1423 2711 v

257 2755 287 2838 4,
311 2753 377 2839 23).
422 2752 531 2838 Polyb.
552 2754 603 2819 III
625 2754 677 2838 35,
701 2756 731 2820 7.
776 2752 855 2821 Plut.
878 2753 1016 2820 Demetr.
1039 2756 1069 2821 9.
1091 2755 1198 2840 Pelop.
1221 2756 1251 2821 3.

129 2972 133 2979 .
345 2907 453 2998 ἡπισς.
500 2912 550 2977 III
573 2913 615 2978 89
638 2908 768 2995 λέγουσι
790 2909 922 2998 Πέρσαι
946 2910 991 2987 ὡς
1012 2913 1152 2998 Δαρεῖος
1180 2909 1239 2993 μὲν
1262 2898 1299 2998 ἦν
1319 2911 1425 2999 κάπη-

167 3018 172 3025 ’
254 3013 325 3094 λος,
350 3015 530 3104 Καμβύσης
552 3013 590 3080 δὲ
613 3014 785 3102 δεσπότης,
811 3018 918 3103 Κῦρος
940 3014 978 3080 δὲ
1004 3016 1125 3105 πατὴρ,
1157 3014 1256 3098 ὁμὲν
1280 3015 1331 3081 δτι
1354 3012 1426 3081 ἐκα-

255 3120 376 3209 πήλευε
411 3117 523 3186 πάντα
554 3121 597 3186 τὰ
628 3121 820 3209 πρήγματα,
859 3119 877 3185 δ
909 3119 946 3187 δὲ
978 3121 1030 3185 δτι
1059 3120 1204 3203 χαλεπός
1231 3145 1268 3188 τε
1298 3113 1338 3211 ἦν
1368 3121 1425 3187 καὶ

257 3223 419 3316 ὀλίγωρος,
445 3225 463 3291 δ
486 3225 524 3291 δὲ
547 3225 599 3291 δτι
621 3223 723 3315 ἡπιός
751 3249 788 3292 τε
817 3225 875 3292 καί
904 3226 1012 3312 άγαθά
1042 3248 1105 3315 σφι
1133 3227 1246 3292 πάντα
1277 3225 1426 3316 ἐμηχανή-

258 3354 349 3400 σατο.
396 3333 532 3399 Contulit
553 3334 690 3399 Steinius
712 3337 734 3417 β
757 3335 822 3400 232
845 3353 930 3417 seqq.
954 3332 1023 3397 ἀλλ’
1047 3329 1113 3398 aiei
1135 3333 1316 3422 (βασιλεύς)
1336 3334 1426 3414 χαλε-

254 3438 321 3516 πός
343 3437 370 3503 τ’
394 3433 445 3526 ε’ίη
472 3437 531 3503 καὶ
560 3433 678 3503 αἴσυλα
710 3437 810 3526 ῥέζοι,
844 3439 889 3515 ὡς
920 3436 957 3502 οὐ
987 3462 1040 3515 τις
1067 3437 1228 3527 μέμνηται
1247 3432 1427 3528 Ὀδυσσῆος

256 3546 357 3609 θειοῖυ
380 3545 467 3609 λαῶν
498 3534 585 3609 οἷσιν
615 3543 746 3624 άνασσε,
779 3546 890 3633 πατὴρ
922 3544 1019 3621 δ’ὡς
1047 3541 1148 3631 ἡπιυς
1178 3536 1242 3634 ἦεν.
1287 3546 1338 3611 ΙΠ
1362 3547 1426 3611 130

254 3652 339 3732 μετὰ
363 3647 409 3729 δέ,
435 3650 479 3727 ὥς
502 3643 534 3714 οἱ
557 3647 753 3739 ἐπέτρεψεν,
781 3638 1015 3739 (Ελληνινοῖσιν
1045 3645 1161 3737 ἰήμασι
1187 3649 1348 3738 χρώμενος
1368 3648 1427 3714 καί

255 3751 342 3843 ἡπια
363 3757 447 3837 μετὰ
470 3756 513 3820 τὰ
537 3749 650 3844 ἰσχυρά
677 3755 848 3844 προςάγων
870 3756 971 3820 ὐπνου
993 3754 1031 3821 τέ
1052 3781 1109 3839 μιν
1130 3755 1299 3842 λαγχάνειν
1318 3752 1427 3821 ἐποίει

255 3858 314 3924 καί
337 3856 370 3923 ἓν
393 3855 492 3946 ὀλίγῳ
513 3860 615 3948 χρόνῳ
646 3861 722 3947 ὐγιᾶ
753 3886 809 3944 μιν
841 3859 935 3926 ε’άντα
968 3860 1134 3940 ὐπίδεξεν.
1187 3864 1269 3949 Apte
1292 3864 1427 3928 Hoferus

256 3967 385 4033 eontulit
409 3966 429 4030 δ
449 3968 513 4033 218
529 3987 575 4051 sq.
598 3956 667 4049 αἷμ’
691 3965 872 4056 ἐκμυζήσας
895 3965 948 4032 ὐπ’
972 3966 1021 4055 ἄρ’
1045 3964 1131 4055 ἤπια
1154 3967 1312 4057 φάρμακα
1330 3964 1427 4045 εἰδὼς

255 4071 377 4141 πάσσε.
422 4074 563 4139 VH142
585 4071 692 4138 ταύτά
715 4095 795 4162 σφιν
817 4072 987 4162 ἠπιώτερα
1011 4075 1072 4162 γὰρ
1093 4077 1159 4139 τών
1181 4072 1347 4162 προτέρων
1369 4073 1427 4139 καὶ

255 4167 294 4266 ἦν
324 4176 382 4243 καί
414 4175 540 4243 ἕδάκειν
571 4170 674 4259 εἶναι,
709 4180 973 4269 συγγραψάμενοι
1006 4179 1262 4246 ἀπαλλάσσοντο
1298 4178 1332 4257 ἐς
1366 4183 1428 4258 τὰς

253 4275 405 4372 Ἀθήνας.
451 4286 679 4368 Nonnusquam
704 4287 819 4371 legitur
841 4288 938 4353 etiam
961 4287 1146 4354 aduerbium
1169 4281 1294 4376 ἠπίως.
1328 4289 1372 4355 Ut
1394 4289 1427 4353 in

255 4390 317 4456 VH
341 4392 405 4457 105
429 4388 486 4455 οὐκ
509 4388 692 4479 ἐποιήσατο
715 4384 811 4480 ὐργὴν
832 4389 992 4478 οὐδεμίαν,
1016 4391 1085 4457 ἀλλ’
1107 4388 1216 4480 ἡπίως
1238 4390 1334 4484 αὐτὸν
1347 4392 1427 4457 άπε-

255 4494 425 4583 πίμψατο.
474 4502 536 4565 103
567 4493 598 4563 εἰ
627 4496 662 4575 ἐς
683 4492 871 4585 Ἀθηναίους
899 4490 964 4579 εἶχε
993 4498 1033 4563 τὸ
1061 4494 1142 4576 ἔπος
1172 4494 1333 4586 εἰρημένω
1365 4495 1427 4563 ἐόν-

255 4624 329 4680 τως,
355 4600 410 4666 οὐκ
432 4602 473 4666 ἂν
495 4604 579 4668 οὕτω
601 4628 657 4686 μιν
680 4605 786 4669 δοκεῖν
808 4601 917 4691 ἠπίως
936 4608 1123 4694 χρησθῆναι.
1161 4607 1238 4671 VIII
1253 4609 1297 4672 60
1319 4601 1427 4692 ἡπίως
