3492 5358
773 485 974 551 ...3-

287 705 334 762 est
357 691 449 782 λ’ρκος
471 703 503 764 et
525 688 688 786 αἰμασιιῇ.
735 700 874 765 Dubium
903 700 999 783 igitur
1027 721 1089 766 nou
1119 706 1166 766 est
1195 700 1270 782 quiu
1294 700 1373 768 haec
1399 720 1462 767 uox

285 803 362 869 uatis
384 804 502 870 usitata
524 805 672 871 fueritin
703 826 845 873 sermone
868 806 1020 873 Herodoti
1049 807 1166 892 patrio,
1197 827 1267 873 cum
1293 807 1365 892 ipsa
1394 808 1461 886 eius

284 910 370 976 notio
392 917 462 996 post
484 911 613 978 Homeri
646 919 789 997 tempora
817 913 991 998 paullulum
1020 914 1060 979 sit
1082 914 1255 979 immutata.
1302 914 1348 981 df.
1371 917 1461 981 Dem.

285 1017 340 1083 LV
366 1020 415 1086 11.
437 1018 547 1104 Polyb.
562 1018 670 1085 XVIII
684 1021 713 1104 3,
731 1022 758 1086 1.
783 1012 992 1106 αἰμασιώθης
1014 1021 1093 1087 Plut.
1107 1022 1206 1104 Legg.
1221 1022 1271 1086 III
1293 1042 1323 1106 p.
1339 1023 1402 1087 681
1423 1022 1460 1088 A.

375 1155 524 1237 αἰπόλος.
570 1162 603 1227 Π
626 1163 669 1228 46
695 1159 847 1244 σέβονται
872 1159 909 1226 δὲ
938 1160 1068 1238 πάντας
1089 1164 1164 1239 τοὺς
1194 1153 1292 1249 αἶγας
1322 1158 1353 1226 οἰ
1375 1168 1461 1229 Μεν-

288 1265 406 1355 δήσιοι,
439 1265 498 1332 καὶ
528 1267 651 1351 μᾶλλον
682 1268 757 1345 τοὺς
788 1262 920 1355 ἔρσενας
951 1273 1015 1334 τῶν
1038 1267 1166 1356 θηλέων,
1200 1269 1258 1336 καί
1287 1271 1407 1335 τούτων
1431 1265 1462 1334 οἰ

287 1370 423 1439 αἰπόλοι
446 1375 548 1457 τιμὰς
576 1373 713 1459 μέζονας
740 1373 876 1457 ’ἐχυυσικ
924 1375 1097 1442 Adnotauit
1129 1378 1280 1444 Sicinius:
1312 1378 1458 1463 ,,τοόιων,

284 1501 326 1549 ευ.
340 1484 406 1547 τῶν
426 1477 547 1567 αἰγῶν(
569 1523 611 1532 -
635 1483 749 1550 rectius
763 1483 855 1551 fuerit
873 1487 938 1548 τῶν
961 1481 1097 1571 ἐρσένων
1119 1523 1173 1549 -.
1197 1487 1306 1571 „Duru
1321 1481 1460 1549 αἰπόλοι

284 1589 346 1656 wie
376 1587 436 1655 dus
464 1589 660 1657 homeriuche
691 1585 828 1655 αἰπόλοι
859 1585 991 1676 αἰγῶν.“
1043 1591 1089 1659 cf.
1113 1616 1131 1679 ρ
1154 1593 1227 1661 247.
1260 1617 1279 1656 ο
1304 1595 1366 1660 173
1390 1598 1460 1658 cett.

285 1698 370 1762 Num
392 1717 467 1765 uero
490 1696 666 1764 Herodotus
689 1696 870 1765 reeordatus
900 1699 940 1764 sit
969 1698 999 1763 h.
1022 1700 1042 1764 l.
1072 1699 1236 1765 locutionis
1265 1701 1460 1784 Homericae,

286 1803 410 1870 dubito:
433 1824 495 1871 uox
517 1803 588 1890 ipsa
610 1812 711 1890 potest
733 1806 830 1872 fuisse
852 1806 969 1872 IouIca.
1016 1806 1107 1873 Certe
1135 1807 1230 1872 etiam
1254 1802 1408 1871 αἰπόλιον
1431 1813 1462 1873 et

286 1911 371 1997 apud
404 1913 552 1978 Nostrum
584 1918 616 1979 et
647 1912 734 1997 apud
765 1919 889 1998 poetam
923 1912 1072 1979 inuenies.
1126 1914 1169 1979 Ut
1200 1914 1314 1998 legitur
1346 1940 1364 2000 ρ
1394 1917 1458 1980 213

284 2019 339 2106 (=
375 2042 394 2082 υ
428 2017 505 2106 174)
541 2009 638 2105 αἶγας
675 2017 776 2104 ἰίγων,
812 2013 853 2082 αἳ
881 2023 970 2084 πᾶσι
1001 2018 1211 2107 μετέπρεπον
1244 2015 1459 2086 αἰπολίοισιν.

285 2127 312 2191 Β
336 2126 403 2192 474
426 2146 471 2209 sq.
505 2126 549 2202 ὥς
579 2119 607 2190 τ’
643 2121 784 2192 αἰπόλια
807 2125 933 2192 πλατέ’
957 2122 1059 2212 αἰγῶν
1091 2122 1227 2192 αἰπόλοι
1252 2126 1366 2215 ἄνδρες
1388 2130 1459 2215 ῥεῖα

286 2228 496 2320 διακρίνωσιν
518 2227 599 2299 κτλ’.
645 2234 718 2303 Her.
742 2236 759 2300 Ι
784 2237 846 2301 126
871 2230 904 2298 ἕν
929 2232 965 2298 δέ
987 2234 1091 2320 ταύτην
1114 2234 1156 2299 τό
1179 2258 1216 2298 τε
1239 2230 1380 2299 αἰπόλια
1403 2234 1460 2299 καί

283 2341 344 2418 τὰς
374 2336 519 2423 ποίμνας
550 2339 608 2406 καί
639 2343 681 2406 τὰ
722 2339 878 2424 βουκόλια
911 2340 929 2406 ό
958 2345 1067 2429 Κῦρος
1098 2341 1210 2407 πάντα
1241 2347 1301 2407 τοῦ
1330 2343 1459 2430 πατρὸς

285 2442 463 2528 συναλίσας
485 2444 519 2524 ἐς
541 2445 646 2513 τωύτὸ
669 2448 755 2517 ἔθνει
780 2451 813 2515 in
837 2450 949 2533 quibus
971 2449 1048 2532 quid
1071 2450 1129 2516 sibi
1152 2451 1228 2516 uelit
1251 2471 1315 2515 uox
1335 2451 1459 2536 poetica

284 2574 345 2621 nou
368 2555 526 2639 intellego.
572 2555 704 2623 Accedit
734 2557 818 2639 quod
841 2556 926 2642 apud
958 2564 1122 2640 utrumque
1154 2563 1312 2624 auctorem
1345 2559 1460 2642 uorIpta

285 2668 393 2728 extant
406 2662 502 2729 etiam
514 2661 670 2746 βουκόλος
683 2666 732 2747 (N
744 2664 820 2749 571,
843 2666 876 2726 up
889 2664 963 2744 845,
982 2662 1002 2725 λ
1016 2666 1090 2749 293,
1103 2687 1123 2744 χ
1136 2664 1211 2749 435,
1232 2669 1252 2726 I
1262 2664 1459 2750 110-114),

283 2763 435 2857 βουκολίη
467 2769 511 2855 (h.
534 2770 629 2838 Mero.
654 2771 729 2856 499,
761 2771 899 2857 Ι114),
930 2791 1001 2838 eum
1029 2769 1216 2853 βουκόλια,
1250 2771 1335 2854 quod
1357 2773 1460 2857 posuit

283 2875 459 2944 Herodotus
482 2877 514 2942 in
538 2878 553 2943 I
580 2879 652 2962 126,
682 2878 723 2944 ab
746 2878 883 2944 Homero
915 2899 977 2944 nou
1006 2879 1047 2944 eit
1077 2884 1268 2962 usurpatum.
1314 2878 1460 2945 Ceterum

283 2984 488 3067 ueriloquium
510 2984 657 3051 uocabuli
680 2979 821 3062 αἰπόλος
850 2986 1009 3068 quamsit
1032 2987 1210 3070 obscurum,
1240 3006 1331 3051 nemo
1360 2986 1460 3052 nescit

283 3090 335 3179 (cf.
356 3092 438 3158 Plat.
462 3091 580 3176 Cratyl.
608 3113 638 3177 p.
662 3093 727 3158 408
752 3090 815 3177 0.);
849 3093 1034 3178 primariam
1066 3093 1133 3158 eius
1169 3093 1327 3158 notionem
1363 3093 1459 3159 fuisse

285 3217 356 3264 eom
371 3218 452 3281 quae
476 3205 524 3265 est
548 3230 588 3253 =
613 3199 720 3266 ouium
733 3206 840 3284 pastor
854 3200 1068 3266 demonstrare
1082 3199 1200 3265 studuit
1215 3200 1299 3266 (luet.
1313 3201 1459 3286 Meyerus

282 3305 316 3369 in
339 3305 423 3373 Gurt.
446 3304 535 3372 Stud.
558 3306 636 3372 VIII
661 3308 725 3373 120
747 3305 799 3394 (cf.
824 3307 959 3374 Gramm.
985 3307 1094 3373 Graec.
1118 3311 1146 3392 6.
1172 3309 1258 3394 106).

372 3445 452 3525 ίέκος
474 3448 530 3534 (=
555 3448 737 3533 remedium,
759 3448 941 3538 medicina).
987 3450 1031 3516 IV
1056 3453 1117 3517 187
1142 3449 1179 3537 ἢν
1203 3446 1241 3514 δὲ
1262 3444 1393 3515 καίουσι
1415 3452 1457 3513 τὰ

282 3550 408 3620 παιδία
432 3555 590 3639 σπασμὸς
612 3550 814 3644 ἐπιγένηται,
840 3551 1006 3644 ἐξεύρηταί
1029 3577 1108 3644 σφιν
1132 3555 1219 3632 δίκας.
1265 3558 1349 3623 194
1373 3577 1458 3620 σιτο-

285 3657 372 3750 δείην
396 3656 523 3751 ἰσχυρὴν
546 3661 608 3727 αἰνὰ
631 3665 689 3752 την
700 3660 832 3751 Λυδίην
845 3668 959 3729 πᾶσαν
977 3665 1142 3751 γενέσθαι,
1167 3662 1312 3740 καὶτοὺς
1325 3664 1459 3740 Λυδοὺς

284 3766 364 3846 τέως
385 3766 444 3852 μὲν
467 3768 596 3856 διάγειν
617 3769 855 3858 λιπαρεῦντας,
879 3773 963 3855 μετὰ
989 3769 1026 3836 δὲ
1049 3771 1094 3848 ὡς
1117 3768 1152 3834 οὐ
1175 3771 1350 3849 παύεσθαι,
1376 3769 1458 3836 ἄκεα

284 3871 447 3963 δίζησθαι.
495 3877 694 3945 01Λ481.
725 3880 841 3946 1250.
870 3902 889 3960 χ
912 3879 975 3945 481
1002 3884 1071 3946 cett.
1116 3877 1182 3944 Sed
1210 3897 1273 3944 uox
1301 3885 1367 3944 tam
1396 3900 1458 3944 non

281 3981 406 4049 uidetur
429 4004 497 4051 esse
520 3985 645 4070 poetica
668 4005 763 4069 quam
787 3984 950 4051 οἰκεῖσθαι.
998 3985 1043 4053 cf.
1067 3986 1184 4071 11190,
1207 3987 1223 4051 I
1246 3988 1318 4053 167.
1342 3987 1457 4068 11117,

282 4092 334 4158 40.
357 4091 385 4157 V
408 4093 461 4158 91.
489 4132 532 4142 -
562 4090 641 4170 δίκας
672 4096 845 4159 ποιεῖσθαι
878 4095 957 4160 Plat.
980 4094 1079 4177 Legg.
1102 4094 1135 4159 X
1166 4114 1194 4178 p.
1219 4095 1284 4160 910
1308 4095 1346 4161 Α.
1379 4091 1458 4170 όίκος

282 4200 341 4262 τοῦ
363 4198 409 4287 μη
431 4192 597 4285 γίγνεσθαι
620 4199 723 4288 ἢτοῦ
745 4196 911 4286 γίγνεσθαι
935 4185 1030 4289 ἧττον
1052 4201 1146 4268 Arist.
1168 4200 1234 4265 Pol.
1257 4200 1285 4266 V
1308 4201 1336 4268 5.

372 4337 506 4429 ἀλεωρή.
552 4344 600 4409 IX
623 4346 642 4410 9
668 4341 720 4410 ὅτι.
743 4338 773 4408 εἰ
795 4344 840 4432 μὴ
868 4342 1042 4427 ἀμυνοῦσιν
1063 4337 1300 4431 Ἀθηναίοισιν,
1336 4342 1380 4418 ὡς
1399 4341 1457 4406 καί

282 4440 378 4512 αὐτοί
389 4469 465 4513 τινα
479 4446 622 4538 ἀλεωρὴν
636 4448 823 4538 εὑρήσονται
848 4483 888 4505 =
907 4450 1172 4536 propulsationem
1186 4450 1341 4535 periculi·
1363 4450 1457 4534 Apud

280 4554 451 4622 Homerum
474 4553 599 4646 δλεωρη
628 4563 675 4625 est
697 4563 753 4624 aut
781 4556 867 4625 idem
890 4556 974 4641 quod
997 4564 1044 4624 eet
1066 4560 1150 4643 fuga,
1174 4558 1302 4625 euitatio
1325 4557 1456 4642 periculi

281 4661 326 4748 (Ω
349 4664 414 4729 216
440 4659 512 4728 otro
535 4662 638 4754 φόβου
659 4663 857 4753 μεμνημένον
885 4661 948 4729 οὔτ’
972 4663 1137 4753 ἀλεωρῆς),
1170 4672 1225 4731 aut
1255 4662 1341 4731 idem
1373 4664 1457 4747 quod

1242 4807 1275 4859 1*
