3492 5358
716 468 940 535 ..37-

242 686 303 751 Vll
325 705 354 770 p.
378 685 442 750 318
467 681 671 771 λυπράχωρος
694 684 742 748 ΙΧ
763 704 792 767 p.
811 685 886 750 427.
910 680 1107 769 λυπρόγαιος
1129 682 1265 767 Appian.
1288 681 1328 746 de
1351 684 1415 748 reb.

242 791 331 875 Hisp.
354 790 397 856 59
430 792 482 856 all.
526 790 686 856 Poetioam
726 790 821 856 fuisse
861 809 970 856 uooem
1003 795 1086 856 oerte
1126 789 1205 853 nihil
1241 794 1288 854 est
1321 788 1414 871 quod.

243 897 416 964 credamus,
467 898 578 979 Neque
607 916 682 963 uero
705 897 759 979 qui
796 916 868 962 oum
898 895 983 962 omni
1014 902 1080 961 tum
1110 895 1279 961 uetustiore
1311 900 1415 961 aetate

241 1010 308 1069 tam
330 1024 403 1069 rara
426 1004 525 1087 fuerit,
549 1023 713 1088 possumus
735 1003 925 1085 intellegere.
1025 1030 1027 1033 ·

330 1143 514 1234 μιαιφόνος.
561 1146 654 1211 992
687 1144 722 1234 α)
754 1140 943 1232 τυραννίδας
975 1141 1008 1220 ἐς
1039 1143 1099 1220 τὰς
1130 1141 1230 1220 πόλις
1262 1142 1415 1227 κατάγειν

242 1249 543 1339 παρασκευάζεσθε,
577 1261 635 1315 τοῦ
666 1250 742 1340 (qua
771 1251 818 1339 re)
855 1247 927 1315 odes
960 1248 1171 1337 άδικιώτερόν
1203 1247 1291 1313 ἐστιν
1324 1247 1414 1314 οὐδὲν

241 1358 311 1422 κατ’
342 1356 532 1445 ἀνθρώπους
563 1355 635 1422 οὔτε
670 1355 937 1444 μιαιφονώτερον.
992 1355 1023 1444 ζ)
1059 1355 1173 1441 πολλῷ
1204 1350 1254 1420 ἔτι
1290 1353 1413 1440 ἐγένετο

241 1462 396 1548 Κυψέλου
417 1462 684 1552 μιαιφονώτερος.
731 1466 810 1531 Sunt
839 1464 918 1530 haee
947 1463 1148 1530 exoratione
1175 1464 1283 1548 Soulia,
1308 1463 1413 1529 (lorin-

241 1572 376 1637 thiorum
399 1572 506 1654 legati.
543 1574 580 1637 In
602 1571 705 1637 Iliade
728 1572 788 1637 hoo
810 1571 970 1655 epitheton
1000 1591 1123 1654 semper
1145 1570 1288 1636 tribuitur
1310 1571 1413 1654 Marti,

241 1680 279 1745 of.
302 1681 331 1742 E
352 1681 394 1744 31
430 1711 470 1733 =
504 1679 585 1763 458,
618 1679 692 1745 844.
740 1682 771 1740 Φ
802 1679 877 1744 402.
934 1676 1027 1761 Apud
1059 1677 1195 1760 tragloos
1227 1677 1413 1742 uocabulum

240 1785 316 1851 satis
339 1785 488 1850 usitatum
510 1791 565 1868 est,
588 1806 647 1851 neo
670 1804 744 1850 uero
767 1805 788 1849 a
810 1785 1011 1868 scriptoribus
1025 1784 1137 1849 Atticis
1159 1784 1254 1868 plane
1275 1783 1413 1849 alienum

239 1891 306 1958 fuit.
352 1892 398 1959 ef.
427 1893 506 1958 Xen.
538 1891 609 1976 (lyr.
632 1892 709 1957 VIII
733 1894 768 1976 7,
799 1895 838 1957 17
870 1890 949 1977 (18).
994 1891 1087 1979 (Tim.
1110 1891 1199 1957 Loor.
1228 1911 1258 1974 p.
1291 1892 1355 1956 104
1376 1891 1412 1957 Ε.

240 1999 310 2065 Dio.
334 1998 421 2066 Cass,
452 1999 590 2064 LXXIX
612 2001 655 2083 3).
700 1995 883 2086 praemordet
911 1999 991 2064 Plat.
1021 1999 1097 2082 Rep.
1126 1998 1204 2063 VIII
1235 2018 1265 2083 p.
1288 1997 1354 2062 565
1376 1998 1412 2062 Ε.

238 2106 286 2171 IX
308 2126 338 2190 p.
362 2106 426 2171 571
451 2106 489 2172 D.
536 2107 630 2172 Isoor.
659 2126 688 2191 p.
712 2107 776 2171 271
808 2107 844 2173 Β.
890 2105 980 2172 Dem.
1011 2125 1041 2189 p.
1065 2105 1147 2187 424,
1179 2104 1231 2171 25.
1276 2104 1351 2170 Luo.
1374 2106 1412 2170 D.

239 2213 280 2278 Μ.
305 2213 370 2278 XII
392 2213 422 2277 3.
467 2206 644 2299 μιαιφονία
680 2214 770 2277 Dem.
799 2233 828 2296 p.
854 2213 928 2295 795,
952 2215 980 2277 7.
1026 2212 1105 2278 Plut.
1129 2211 1205 2277 Mor.
1235 2231 1265 2294 p.
1288 2212 1353 2277 996
1376 2212 1411 2278 Ε.

239 2318 437 2401 Quamquam
473 2318 569 2402 igitur
605 2319 734 2384 uerbum
769 2339 831 2384 non
867 2319 926 2384 fuit
961 2319 1160 2383 Homericum
1200 2323 1322 2383 tantum
1358 2325 1413 2383 aut

237 2426 410 2510 poeticum,
455 2425 592 2491 oonoedo
628 2431 734 2490 tamen
770 2425 805 2490 id
842 2424 921 2490 adeo
965 2444 1028 2518 non
1064 2424 1159 2489 fuisse
1196 2426 1341 2507 uolgare,
1379 2430 1412 2489 ut

240 2532 394 2616 singulari
412 2532 446 2597 ui
469 2538 500 2597 et
523 2537 590 2598 arte
612 2531 647 2597 id
660 2532 795 2616 positum
818 2551 887 2597 esse
899 2532 933 2596 in
947 2531 1087 2596 oratione
1110 2531 1244 2597 hominis
1259 2530 1412 2598 Corinthii

238 2645 413 2724 appareret.

326 2780 534 2870 μιλτηλιφής.
580 2780 695 2846 11158
729 2779 768 2844 τὸ
791 2776 828 2844 δὲ
849 2778 994 2844 πάλαιον
1017 2780 1149 2843 άπασαι
1172 2773 1207 2843 αὶ
1231 2776 1299 2856 νέες
1329 2769 1411 2868 ἦσαν

237 2887 455 2976 μιλτηλιφιῖς.
501 2888 639 2954 Uerbum
662 2886 748 2973 apud
770 2887 942 2952 Homerum
964 2887 1089 2953 omnino
1112 2907 1174 2952 non
1197 2887 1325 2972 legitur,
1353 2887 1410 2953 sed

237 3014 335 3061 naues
372 2994 516 3059 dicuntur
550 2990 772 3081 μιλτοπάρῃοι
808 2994 842 3058 ln
878 2996 909 3055 B
941 2995 1004 3059 637
1043 3000 1074 3059 et
1106 3017 1119 3056 ι
1153 2995 1216 3058 124
1253 2995 1303 3065 (of.
1336 2991 1410 3071 νέας

238 3096 515 3189 φοινικοπαρῄους
545 3100 578 3165 in
608 3099 626 3162 λ
652 3102 716 3165 124
748 3133 787 3154 =
820 3099 961 3187 ψ271).
1013 3100 1209 3166 Uooabulum
1237 3101 1334 3182 igitur
1363 3106 1411 3167 est

236 3207 456 3274 Herodoteum.
492 3206 611 3284 Quodsi
634 3213 699 3272 tam
717 3205 873 3272 studiosus
896 3207 1004 3272 fuisset
1025 3207 1209 3272 imitationis
1222 3208 1409 3274 Homerioae

239 3334 333 3397 quam
364 3315 457 3396 uolgo
480 3319 606 3398 putatur
627 3314 723 3379 fuisse
741 3314 862 3394 Noster,
884 3313 952 3401 iure
976 3334 1052 3379 sane
1075 3313 1302 3380 admiraremur
1325 3314 1409 3397 quod

236 3421 336 3512 noluit
348 3441 464 3505 ponere
477 3418 709 3508 μιλτοπάρῃος.
747 3420 812 3487 Sed
826 3426 989 3486 auersatus
1002 3421 1062 3487 hoo
1076 3427 1137 3504 est,
1160 3423 1236 3503 quia
1257 3442 1319 3486 uox
1342 3428 1409 3486 erat

235 3547 310 3592 uere
322 3527 446 3611 poetica
461 3533 491 3593 et
503 3547 585 3610 quae
599 3527 633 3591 in
651 3528 758 3593 ieiuna
771 3527 950 3592 narratione
964 3534 1045 3593 esset
1053 3529 1148 3612 plane
1157 3528 1272 3612 inepta.
1296 3530 1407 3610 Itaque

234 3634 362 3700 lieentia
394 3633 516 3700 Graeca
545 3654 675 3713 nouum,
705 3640 739 3699 ut
761 3633 900 3715 uidetur,
929 3634 1101 3718 composuit
1122 3635 1266 3712 uerbum,
1289 3634 1323 3699 in
1346 3654 1407 3716 quo

234 3746 340 3806 tamen
363 3740 442 3805 nihil
465 3741 545 3820 miri,
568 3741 647 3805 nihil
670 3740 802 3806 sublime
824 3746 929 3825 posset
950 3741 1093 3808 inueniri.

323 3876 441 3970 νήπιος
466 3913 504 3935 =
530 3881 641 3949 infans.
688 3883 716 3948 V
742 3884 782 3949 16
815 3882 857 3945 τά
882 3879 918 3946 δὲ
940 3881 1043 3969 νήπια
1066 3877 1190 3946 παιδία
1215 3878 1326 3947 δέουσι
1348 3892 1407 3947 τοῦ
1503 3916 1506 3922 ,

234 3988 339 4065 ποδὸς
363 3986 509 4075 σπάρτῳ,
531 3986 576 4074 μὴ
589 3988 811 4076 κατακυλισθῇ
826 3983 1053 4070 δειμαίνοντες.
1090 3988 1240 4055 Similiter
1253 3990 1406 4055 Homerus

234 4094 312 4161 diolt
333 4094 436 4182 νήπια
458 4092 565 4174 τέκνα,
589 4097 679 4161 utin
701 4099 732 4158 Β
749 4098 821 4176 136,
844 4098 918 4164 311.
957 4098 989 4160 Δ
1014 4097 1086 4163 113.
1123 4095 1287 4180 (Conferas
1310 4096 1406 4161 etiam

234 4204 255 4263 Ι
273 4203 347 4269 440.
380 4204 409 4263 Ρ
431 4201 518 4285 134.)
554 4203 671 4268 Notum
695 4209 800 4268 autem
823 4210 870 4269 est
891 4210 1017 4288 poetam
1040 4204 1100 4269 hoo
1118 4203 1213 4268 uerbo
1227 4202 1406 4286 significare

233 4327 296 4372 non
319 4308 419 4373 solum
441 4307 476 4372 id
499 4308 583 4392 quod
606 4314 654 4374 est
675 4309 793 4393 infans,
817 4309 873 4375 sed
897 4310 1021 4375 omnino
1045 4309 1079 4374 id
1101 4306 1186 4391 quod
1209 4315 1256 4375 est
1278 4311 1405 4375 stultum

234 4413 285 4500 (of.
308 4417 339 4477 Β
362 4416 413 4481 38.
450 4416 480 4478 E
500 4417 574 4483 406.
612 4418 653 4478 Η
672 4417 746 4482 401.
792 4418 857 4481 α8
893 4419 976 4502 oett.)
1012 4417 1065 4482 uel
1097 4415 1200 4483 debile
1231 4416 1284 4505 (A
1306 4417 1404 4502 661);

234 4520 346 4587 eadem
375 4522 409 4587 ui
438 4521 551 4604 legitur
579 4522 613 4586 in
635 4522 697 4588 VII
722 4520 801 4607 169,
834 4522 947 4589 sedin
969 4523 1068 4588 soluto
1098 4524 1218 4589 oraculi
1247 4541 1403 4608 responso.

233 4626 333 4693 Sensu
347 4627 496 4712 primario
518 4647 579 4694 uox
601 4650 824 4714 nunquamne
842 4629 928 4714 apud
951 4630 1116 4717 scriptores
1130 4630 1265 4716 quidem,
1280 4629 1405 4695 uidetur
