3492 5358
743 476 966 540 ..63-

270 682 387 768 θνέμου
418 684 678 767 καταπνυόμενος
708 685 833 770 Sobel).
884 687 1084 754 Pomonalem
1116 705 1206 754 usum
1237 687 1325 755 uerbi
1355 686 1440 774 apud

271 793 408 858 Graeooo
437 813 506 859 esse
535 794 698 877 uolgarem
728 799 863 878 constat,
893 795 1056 860 tranuitiue
1087 794 1132 857 θω
1154 796 1195 861 ab
1218 797 1344 862 Ionibus
1367 802 1398 861 et
1420 817 1441 860 a

269 899 369 984 poetis
391 900 541 984 maxime,
564 899 621 965 sed
644 901 740 965 etiam
762 901 803 966 ab
826 900 898 965 aliis
913 902 1113 986 scriptoribus
1127 921 1342 985 nonnusquam
1360 904 1441 987 posi-

270 1012 345 1071 tnm.
390 1006 436 1073 cf.
458 1006 614 1090 Theophr.
638 1007 716 1074 Hiot.
740 1007 841 1073 Plant.
866 1007 941 1072 VIII
964 1009 993 1092 6,
1017 1010 1047 1074 6.
1073 1010 1122 1092 11,
1145 1009 1176 1074 4.
1198 1008 1300 1075 strab.
1322 1010 1398 1073 XIV
1412 1030 1441 1092 p.

171 1156 174 1164 -
271 1113 336 1178 655
359 1113 397 1179 A.
419 1113 541 1177 Philon.
563 1133 592 1180 v.
616 1113 694 1178 Mos.
719 1115 746 1179 1.
769 1114 849 1179 Plut.
872 1115 959 1179 Rom.
974 1115 1025 1181 24.
1049 1115 1126 1179 Mor.
1139 1134 1169 1198 p.
1187 1115 1250 1180 195
1265 1115 1300 1180 0.
1322 1117 1387 1180 912
1402 1119 1440 1182 Α.

270 1219 394 1285 Arrian.
417 1219 476 1286 An.
500 1219 560 1283 VII
583 1219 613 1304 5,
636 1220 665 1286 5.
711 1219 839 1286 Arietid.
869 1226 889 1286 t.
912 1222 936 1285 -I
958 1232 992 1304 p.'
1010 1222 1085 1287 309.
1115 1222 1148 1285 II
1176 1241 1206 1304 p.
1229 1223 1294 1286 339
1323 1221 1388 1288 init.
1411 1241 1441 1305 p.

271 1327 345 1392 362.
390 1324 566 1391 Herodotus
589 1331 672 1390 uerte
694 1325 728 1391 in
752 1326 812 1391 hae
834 1347 868 1392 ro
890 1346 948 1391 neo
971 1327 1141 1391 Homerum
1170 1347 1229 1392 neo
1251 1327 1348 1391 ullum
1369 1347 1441 1411 poe-

270 1437 335 1497 tam
358 1437 405 1496 est
426 1432 573 1499 imitatus,
620 1431 765 1498 (lotorum
787 1432 881 1497 simili
904 1433 1025 1498 ratIone
1046 1433 1171 1517 ponitur
1194 1427 1287 1520 νίφω.
1334 1435 1378 1498 IV
1396 1436 1438 1499 31

269 1537 313 1600 τδι
335 1537 517 1625 κατύπερθε
546 1537 663 1627 ταύτης
695 1548 752 1624 της
781 1536 886 1625 χώρης
918 1536 972 1603 ἀεὶ
1001 1534 1142 1626 νίφεται.
1190 1539 1235 1605 uf.
1257 1541 1336 1607 Xen.
1359 1540 1441 1607 Heli.

270 1645 399 1728 1143
423 1650 492 1711 oett.

360 1781 466 1875 φαίνω
491 1819 530 1839 =
556 1784 733 1872 (nudatum)
757 1785 887 1850 ostendo
910 1784 962 1872 (ol.
987 1786 1121 1871 bleoke),
1151 1786 1191 1852 de
1213 1788 1354 1871 partibus
1377 1809 1440 1854 oon-

270 1892 362 1977 poris.
421 1894 454 1958 II
477 1894 518 1959 71
560 1890 742 1979 τετράπουν
774 1887 862 1971 ἐστί,
897 1888 1042 1979 δίχηλον·
1076 1891 1180 1956 ὁπλαὶ
1209 1894 1302 1976 βοὸς·
1336 1893 1440 1975 σιμόν,

270 1999 387 2089 λοφιὴν
409 1995 480 2080 ἐχον
502 1999 624 2080 ἵππου,
647 1998 877 2080 χαυλιόδοντας
900 2000 1015 2087 φαῖνον
1036 1993 1103 2063 aad.
1140 2000 1182 2066 85
1198 1998 1259 2063 ἇνδι
1273 1999 1330 2085 τὴν
1342 1998 1442 2065 πόλιν

272 2105 487 2194 στωφώμεναι
510 2106 688 2169 τύπτονται
712 2103 935 2187 ἐπεζωσμέναι
958 2104 1017 2170 καί
1037 2102 1210 2193 φαίνουσαι
1224 2107 1298 2182 τοὺς
1311 2104 1440 2188 μαζούς.

274 2215 335 2279 123
359 2212 415 2277 τδν
437 2210 551 2292 αὐχένα
575 2209 611 2276 δέ
633 2209 691 2276 ναί
712 2210 769 2297 τὴν
791 2211 934 2300 κεφαλὴν
966 2208 1074 2299 φαίνει
1097 2209 1319 2300 κεχρυσωμένα
1342 2215 1443 2293 παχεῖ

270 2318 375 2406 κάρτα
395 2321 511 2407 χρυσῷ.
558 2319 603 2385 Of.
627 2320 677 2384 III
699 2321 744 2384 24
765 2306 823 2382 καί
846 2314 911 2399 ἔχει
934 2316 1045 2382 πάντα
1069 2319 1192 2407 φανεροί
1215 2314 1335 2401 ὁμοίως
1354 2316 1442 2404 αὐτῷ

270 2428 317 2510 τῷ
349 2423 449 2490 νέκυϊ.
506 2444 527 2489 σ
556 2428 597 2492 67
637 2425 732 2514 φαῖνε
768 2423 805 2489 δέ
839 2426 965 2514 μηρούς.
1021 2426 1065 2493 74
1097 2421 1288 2510 ἐπιγουνίδα
1321 2420 1440 2512 φαίνει.

270 2533 409 2598 Fauillae
432 2532 485 2598 hio
507 2533 586 2597 mihi
608 2533 736 2615 quidem
757 2552 831 2598 usus
854 2532 979 2597 uidetur
1002 2552 1020 2597 e
1042 2532 1193 2616 primaria
1214 2532 1340 2598 notione
1353 2533 1442 2598 uerbi

272 2632 377 2725 φαίνω
399 2657 491 2723 posue
513 2639 664 2723 explicari
686 2656 781 2721 qnam
803 2658 931 2704 neeesse
954 2638 994 2703 sit
1016 2639 1101 2723 apud
1123 2638 1315 2704 Herodotum
1338 2646 1441 2703 satua-

272 2764 339 2810 mus
368 2746 574 2811 Imitationem
604 2745 812 2810 Homericam.
856 2746 968 2826 Neque
996 2743 1168 2826 quidquam
1197 2745 1312 2827 poetici
1339 2744 1442 2810 inesse

271 2852 305 2916 in
327 2852 388 2918 hoo
409 2872 467 2917 usu
491 2871 529 2917 ex
552 2851 628 2936 ipsiu
650 2851 728 2917 loeis
741 2836 935 2916 Herodoteiu
948 2857 1022 2936 puto
1045 2871 1136 2934 posse
1150 2850 1293 2936 perspioi.
1328 2850 1442 2929 Quam-

271 2977 366 3040 quam
388 2957 473 3042 apnd
497 2964 615 3025 eeteros
629 2965 771 3024 auctores
793 2957 946 3042 pedestris
959 2956 1110 3023 sermonis
1132 2976 1214 3039 quae
1236 2961 1340 3022 extent
1354 2958 1441 3022 nulla

271 3065 344 3130 noui
367 3065 518 3150 exempla.
1073 3070 1077 3077 '

222 3170 256 3227 s-
358 3204 474 3295 χηρόώ.
520 3207 564 3279 VI
587 3207 629 3273 83
650 3198 768 3292 Ἄργος
797 3203 835 3270 δέ
866 3203 988 3293 ἀνδρῶν
1015 3202 1157 3294 ἐχηρώθη
1186 3199 1271 3270 οίίτω
1302 3206 1386 3269 ώστε
1409 3200 1440 3269 oi

236 3348 238 3352 ·
272 3311 384 3376 δοῦλοι
408 3310 512 3375 αὐτῶν
535 3306 625 3393 ἐσχον
652 3310 763 3375 πάντα
784 3313 828 3375 ud
850 3311 1036 3399 πρήγματα.
1083 3311 1135 3377 Ad
1158 3332 1239 3394 quae
1262 3311 1373 3378 Steinii
1396 3318 1443 3377 est

272 3418 449 3484 adnotatio:
481 3415 645 3508 »ἐχηρώθη
674 3417 812 3507 ἀνδρῶν,
847 3419 967 3484 niuibus
997 3418 1129 3484 uiduata
1158 3425 1205 3484 est
1234 3421 1339 3504 (Verg.
1362 3421 1440 3486 Aen.
1496 3418 1500 3426 '

270 3525 349 3592 VIII
367 3524 455 3612 871).
491 3526 519 3590 ll
542 3547 557 3589 ε
580 3527 645 3590 642
665 3517 761 3589 Ἰλίου
784 3522 969 3602 ἐξαλάπαξε
990 3523 1099 3603 πόλιν,
1126 3523 1249 3612 χήρωσε
1273 3524 1299 3589 δ’
1315 3523 1439 3610 ἀγυιάς.

272 3633 369 3698 Solon
391 3632 441 3698 Fr.
468 3633 536 3698 374
567 3630 698 3695 πολλῶν
730 3630 769 3695 δν
799 3629 921 3718 ἀνδρῶν
952 3630 1001 3720 ἥδ’
1033 3628 1174 3721 ἐχηρώθη
1205 3630 1314 3708 πόλις.
1369 3633 1442 3697 Pro·

271 3739 339 3823 prio
362 3758 455 3804 sensu
481 3739 586 3828 χηρόω
617 3739 733 3822 legitur
754 3739 788 3802 in
820 3741 850 3801 P
868 3740 922 3804 36.
967 3738 1054 3803 Alibi
1076 3739 1205 3803 uerbum
1233 3758 1333 3820 neque
1356 3738 1442 3824 apud

271 3845 441 3911 Homerum
470 3865 571 3927 noque
600 3844 686 3931 apud
715 3844 908 3910 Herodotum
937 3850 1030 3911 extat.
1075 3845 1222 3910 Primituo
1250 3844 1337 3910 uoois
1367 3865 1442 3910 usus

271 3951 503 4036 metaphorious
532 3951 619 4016 haud
649 3951 818 4017 dubitarim
847 3951 922 4033 quin
951 3950 1044 4016 fuerit
1072 3950 1226 4035 poeticus:
1263 3971 1338 4016 num
1367 3971 1441 4018 nero

271 4058 368 4124 etiam
380 4056 532 4124 Herodoti
547 4063 651 4123 aetate
668 4058 742 4123 talis
755 4058 855 4142 fuerit,
877 4062 978 4142 potest
999 4058 1129 4123 fortasse
1142 4058 1272 4147 ambigi,
1294 4058 1442 4140 quoniam

270 4164 339 4230 loeo
361 4165 381 4230 l.
404 4163 483 4229 nihil
506 4170 669 4247 praeterea
691 4163 891 4230 sublimitatis
914 4169 969 4228 aut
990 4163 1055 4228 stili
1076 4163 1190 4248 poetioi
1213 4165 1344 4249 reperio.

360 4304 536 4393 ψεύδομαι.
596 4307 641 4372 VI
672 4307 716 4371 32
753 4302 890 4368 ἐνθαῦτα
921 4300 1075 4391 Περσίαν
1111 4299 1142 4369 oi
1175 4302 1348 4394 στρατηγοί
1384 4304 1442 4369 οὐκ

272 4407 453 4498 ἐψεύσαντο
475 4412 536 4488 τὰς
559 4409 702 4488 ἀπειλὰς
727 4411 788 4488 τὰς
816 4407 1042 4500 ἐπηπείλησαν
1071 4412 1179 4475 τοῖσιν
1193 4404 1285 4476 Ἴωσι
1310 4433 1442 4498 στρατο-

271 4515 538 4600 πεδευομένοισιν
569 4514 697 4582 ἐναντία
729 4512 852 4606 σφίσιν.
896 4519 1008 4586 Steinii
1038 4525 1121 4583 sunt:
1156 4516 1234 4582 “oda
1263 4515 1441 4607 ἐψεύσαντο

271 4625 403 4710 „liesoen
426 4624 513 4691 nieht
534 4626 706 4710 unerlllllt‘,
735 4646 799 4691 non
821 4625 967 4692 fefellere.
1012 4626 1047 4692 Il.
1072 4648 1092 4712 η
1114 4625 1177 4690 351
1211 4623 1304 4713 ὅρκια
1332 4624 1442 4688 πιστὰ

161 4772 415 4904 spanulfi]
466 4815 1053 4918 fffffl.‘7us.sda..02.as¹mi7
1074 4851 1116 4892 a
1143 4820 1521 4963 d-lsybpttdaf
