3492 5358
723 466 946 531 ..55-

251 676 411 766 φάλαμξιν
444 683 479 741 Ν
502 677 573 744 145.
618 678 757 744 Uerbum
779 678 874 760 igitur
898 685 945 743 est
967 677 1129 744 recentius.
1174 677 1223 743 uf.
1245 678 1318 743 Hes.
1342 677 1428 761 Opp„

249 786 323 854 214.
347 785 464 850 Archil.
488 786 540 852 46.
563 783 667 867 (Pieri
689 784 781 869 PytIr.
805 786 821 849 I
846 786 918 851 100.
941 785 985 850 IV
1008 782 1096 870 282).
1141 784 1302 849 Inuenitur
1324 784 1421 849 ctiam

224 891 335 976 ‘apud
357 891 588 976 Hippocratem.
634 891 749 957 Contra
779 892 819 956 ab
849 890 979 956 Atthide
1007 891 1144 957 alienum
1172 891 1238 957 fere
1268 896 1329 974 est,
1359 889 1420 954 nisi

249 996 334 1080 quod
355 998 453 1062 semel
475 997 510 1062 id
531 998 635 1082 posuit
656 996 752 1082 Soph.
775 997 809 1062 in
830 998 877 1063 ut.
902 998 966 1063 863
999 1003 1030 1063 et
1051 997 1158 1081 paullo
1180 996 1321 1081 saepius,
1335 1015 1420 1062 usur·
1496 1040 1499 1043 -

248 1110 403 1189 pauerunt
431 1104 631 1189 recentiores,
664 1110 698 1169 ut
732 1105 838 1189 Polyb.
861 1105 922 1170 VII
947 1105 996 1182 12,
1029 1106 1079 1169 11.
1125 1104 1217 1168 Dion.
1239 1103 1313 1171 Hal.
1336 1103 1421 1168 Antt.

248 1210 372 1277 11159.

338 1370 406 1435 Hoc
428 1370 507 1435 mihi
529 1371 598 1436 loco
621 1369 716 1436 liceat
739 1369 898 1455 disputare
922 1368 962 1436 de
984 1369 1150 1454 participio

338 1471 551 1556 *εἰδόμενος
598 1476 641 1541 VI
669 1478 711 1542 69
742 1473 833 1541 νυκτὶ
864 1469 958 1562 τρίτῃ
989 1471 1059 1540 α’ντὸ
1091 1487 1149 1562 τῆς
1179 1472 1314 1563 πρώτης
1345 1463 1422 1564 ἦλθέ

248 1605 305 1663 μοι
329 1579 446 1668 φάσμα
469 1577 633 1660 εἰδόμενον
655 1574 828 1669 Ἀριστώνι
852 1582 999 1669 (loquitur
1021 1587 1122 1647 mater
1145 1581 1327 1665 Demarati).
1361 1582 1422 1647 VII

249 1690 291 1755 56
325 1677 351 1751 ώ
382 1693 465 1773 Ζεῦ,
498 1682 534 1751 τί
565 1687 606 1776 δὴ
637 1685 731 1775 ἀνδρὶ
762 1683 925 1769 εἰδόμενος
956 1685 1071 1775 Πέρσῃ
1101 1684 1160 1751 καὶ
1189 1683 1307 1770 σ’ώνομα
1348 1684 1420 1751 ἀντὶ

248 1791 335 1872 Διὸς
356 1792 478 1881 Ξέρξεα
508 1792 637 1876 θέμενος
667 1792 847 1858 ἀνάστατον
877 1793 935 1881 τὴν
961 1788 1101 1859 Ἑλλάδα
1130 1790 1252 1869 ἐθέλεις
1280 1804 1420 1880 ποιῆσαι

250 1902 359 1981 (uerba
381 1901 516 1966 hominis
537 1886 767 1987 Hellesporitii).
812 1902 960 1967 Formam
983 1901 1108 1985 epicam
1121 1900 1261 1985 appellat
1274 1900 1419 1966 Steinius.

250 2008 295 2075 Of.
317 2011 348 2070 B
371 2009 446 2075 280.
470 2012 500 2070 Γ
521 2009 593 2073 122.
615 2011 637 2091 β
659 2009 724 2074 268
751 2040 790 2062 =
815 2009 890 2073 401.
911 2032 931 2087 χ
954 2009 1028 2074 206.
1057 2028 1083 2070 ω
1106 2007 1180 2092 503,
1204 2006 1279 2072 648.
1309 1999 1421 2069 εἷ’σατο

18 2136 19 2143 ¹
151 2149 154 2154 -
251 2114 426 2179 :similis
448 2114 506 2178 fuit
535 2116 663 2180 3791.
698 2115 799 2181 Y81.
831 2115 945 2181 ⁶281.
975 2115 1009 2199 (θ
1031 2115 1096 2179 283
1130 2133 1163 2179 er
1185 2113 1248 2195 gab
1272 2111 1340 2178 sich
1363 2111 1422 2177 das

248 2220 395 2287 Ansehen
418 2241 456 2285 zu
479 2219 591 2304 gehen,
614 2212 694 2300 Ξμεν,
718 2225 753 2284 ut
775 2216 883 2284 ἐδόκει
906 2240 956 2304 ap.
973 2220 1045 2304 Lys.
1059 2220 1141 2285 XIII
1155 2217 1220 2306 31).
1253 2220 1422 2285 Praeterea

248 2348 309 2393 uox
337 2328 494 2395 inuenitur
523 2325 736 2392 tantummodo
767 2325 853 2411 apud
881 2326 1054 2392 Pindarum
1083 2326 1188 2410 (Pyth.
1213 2326 1258 2391 IV
1280 2328 1321 2392 37
1346 2323 1422 2414 [21].

248 2436 339 2502 Nem.
361 2436 394 2500 X
416 2436 457 2500 28
483 2431 573 2521 [15]),
602 2432 795 2519 Aeschylum
824 2433 898 2517 (Ag.
929 2434 1005 2517 739)
1033 2432 1281 2514 recentioresque
1303 2438 1421 2517 poetas.

248 2540 352 2623 Atque
383 2559 454 2606 cum
476 2539 538 2605 duo
561 2539 618 2605 illa
650 2540 795 2623 exempla
817 2539 996 2606 Herodotea
1026 2539 1059 2603 in
1087 2539 1279 2604 orationibus
1309 2543 1421 2622 extent,

249 2645 483 2713 concedendum
512 2646 644 2712 fortasse
671 2645 852 2731 scriptorem
885 2646 944 2711 hoc
980 2646 1076 2711 uerbo
1105 2644 1146 2710 de
1175 2645 1303 2711 oonsilio
1332 2656 1421 2709 usum

248 2773 317 2819 esse
338 2752 469 2837 poetico.

340 2904 495 2993 εὶλέομαι.
533 2911 567 2977 Π
581 2911 623 2977 56
647 2919 711 2974 τῶν
734 2909 761 2975 δ’
784 2907 818 2974 ἐν
839 2907 923 2975 noct
945 2908 1068 2992 μᾶλλον
1090 2903 1294 2991 εἱλευμενέων
1315 2910 1423 2974 τοῖσιν

251 3017 455 3105 ἀνθρώποισι
489 3013 590 3101 (διξαὶ
621 3017 682 3104 γὰρ
715 3016 755 3104 δή
778 3011 862 3080 εἰσιν
884 3011 978 3101 ἴβιες)
1010 3014 1094 3104 ψιλὴ
1127 3017 1178 3100 (sc.
1210 3015 1230 3102 ἡ
1262 3009 1341 3102 ἰδέη)
1365 3014 1422 3101 τὴν

249 3124 392 3213 κεφαλὴν
414 3122 492 3188 κτλ’.
532 3124 610 3189 VIII
626 3125 666 3189 12
690 3117 722 3187 oi
747 3120 783 3188 δέ
805 3120 911 3210 νεκροὶ
932 3119 990 3187 καὶ
1012 3121 1055 3185 τὰ
1077 3119 1212 3210 ναυήγια
1235 3119 1422 3209 ἐξεφέροντο

250 3229 284 3309 ές
304 3230 366 3307 τὰς
389 3222 540 3319 Ἀφέτας,
573 3226 632 3294 οιαὶ
662 3223 742 3317 περί
773 3251 812 3293 τε
841 3230 901 3305 τὰς
932 3227 1067 3316 πρώρας
1097 3236 1160 3292 τών
1182 3235 1259 3293 νεών
1282 3222 1421 3292 εἱλέοντο

110 3370 119 3385 =
248 3335 307 3402 aui
338 3333 518 3423 ἐτάρασσον
547 3336 623 3413 τοὺς
652 3335 791 3422 ταρσοὺς
820 3343 885 3399 τῶν
915 3332 1063 3400 κιονιέιον.
1109 3335 1322 3401 Usitatissima
1353 3355 1421 3400 esse

250 3443 336 3529 apud
371 3444 542 3509 Homerum
579 3436 677 3507 ε’ώειν
711 3443 779 3508 siue
816 3437 931 3507 εἰλέειν
964 3474 1004 3496 =
1038 3461 1178 3526 urguere,
1216 3460 1421 3525 compescere,

250 3545 410 3615 εἰλέεσθαι
443 3542 607 3634 (εἷ’λεσθαι)
633 3581 672 3603 =
696 3548 838 3633 urgueri,
875 3548 1045 3634 compesci,
1086 3568 1121 3614 se
1160 3547 1348 3632 complicare
1386 3546 1421 3613 id

249 3657 377 3740 quidem
405 3656 486 3722 inter
517 3675 625 3722 omnes
656 3661 784 3724 constat.
837 3656 940 3737 Atque
972 3676 1011 3721 ex
1042 3655 1092 3720 his
1122 3653 1299 3720 notionibus
1327 3653 1421 3720 facile

250 3764 401 3849 explicari
432 3763 535 3829 locum
566 3762 777 3829 Herodotoum
814 3763 946 3828 alterum
979 3767 1118 3847 apparet.
1172 3760 1280 3827 Priore
1316 3766 1421 3827 autom

248 3871 318 3937 loco
341 3874 562 3955 componeret
594 3875 702 3935 auctor
729 3863 889 3933 citctoocr
914 3901 953 3923 =
978 3868 1170 3952 nostratium,
1202 3867 1270 3934 sich
1300 3867 1420 3934 herum-

252 3979 381 4062 treiben,
404 3979 587 4044 Latinorum
609 3978 737 4063 uersari,
770 3977 831 4043 nisi
854 3996 893 4043 ex
915 3976 1038 4059 uolgari
1060 3996 1203 4042 sermone
1225 3973 1260 4039 id
1282 3974 1421 4058 sumpsit,

249 4085 369 4170 primus
390 4085 459 4171 ipse
481 4103 576 4151 ausus
598 4090 646 4151 est
669 4083 820 4150 adhibere
851 4084 948 4150 talem
980 4081 1109 4149 dicendi
1139 4081 1301 4148 rationem.
1346 4082 1422 4146 Post

250 4211 321 4258 eam
353 4193 393 4257 ab
426 4191 498 4257 alfis
527 4210 650 4274 quoquc
680 4190 825 4256 uidemus
855 4210 923 4256 esse
954 4194 1152 4274 usurpatam,
1180 4193 1215 4253 ut
1237 4208 1259 4253 a
1281 4187 1420 4254 Lucieno

250 4304 281 4365 et
303 4320 324 4365 a
344 4298 483 4365 Maximo
496 4298 594 4384 Tyrio
617 4298 771 4385 (XXVIII
785 4297 850 4382 68).
887 4296 952 4363 Sed
974 4296 1101 4362 omnino
1123 4300 1198 4379 puto
1221 4293 1307 4379 apud
1329 4296 1422 4360 Iones

249 4411 333 4472 certe
356 4405 437 4472 adeo
460 4407 590 4472 uerbum
608 4405 742 4489 ¹uolgare
769 4404 880 4489 fuisse,
913 4410 948 4469 ut
974 4403 1086 4469 colorIs
1107 4402 1222 4488 poetici
1245 4401 1324 4467 nihil
1347 4400 1421 4467 inde

248 4512 315 4597 peti
335 4512 399 4579 ullo
428 4512 522 4578 modo
544 4512 649 4597 possit
696 4511 742 4578 uf.
765 4510 861 4577 etiam
883 4511 965 4576 Plat
986 4509 1107 4578 Timae.
1138 4530 1169 4593 p.
1191 4510 1236 4574 40
1258 4510 1294 4576 Β.
1318 4511 1336 4573 7
1341 4510 1360 4573 6
1384 4509 1420 4574 Β.

250 4618 385 4704 Geopl
419 4622 475 4703 11,
499 4623 528 4686 7.
579 4620 658 4686 Plut
686 4619 761 4703 Lyc.
795 4617 847 4684 25.
893 4616 995 4684 Crass.
1028 4616 1081 4684 26.
1124 4616 1199 4682 Luc.
1223 4615 1335 4680 Astrol.
1367 4615 1420 4680 29.

250 4727 380 4793 Icarom
409 4728 458 4793 19.
507 4725 631 4793 Arrian.
654 4727 714 4792 An.
736 4726 781 4791 VI
803 4726 833 4809 9,
856 4723 887 4791 5.
