3492 5358
787 467 833 480 ...
877 433 922 498 64
966 468 1011 480 .-

321 642 521 726 Ψεοσσίμενσι
550 641 749 726 μαχόμεσθα.
795 645 837 711 So
865 651 955 728 segle
983 666 1057 711 man
1087 643 1270 730 ψεύδεσθαι
1298 642 1484 726 ὑπόσχεσιν,

315 751 483 838 συνθήκην,
515 745 636 814 ἐλπίδα
660 771 688 819 u.
713 758 742 818 u.
787 753 849 818 Die
880 773 980 835 ganne
1003 752 1171 833 Wendung
1200 752 1282 817 nauh
1313 754 1402 820 Hom.
1426 752 1484 820 Od.

313 882 330 922 ν
358 859 421 924 125
452 856 517 921 οὐδ’
547 852 717 937 ἐνοσίχθων
742 857 866 945 Λήθετ’
897 856 1066 922 ἀπειλάων
1096 857 1156 934 τὰς
1186 855 1323 942 ἀντιθέῳ
1349 851 1484 946 Ὀδυσῆι

312 1072 367 1136 illo
389 1061 527 1153 quidem
546 1070 633 1135 uerbi
666 1069 826 1158 φείδομαι
857 1071 936 1136 nihil
968 1072 1071 1136 inesse
1102 1071 1234 1155 poetioi,
1266 1071 1323 1136 sed
1355 1071 1485 1137 Graecis

211 1236 218 1243 .
314 1199 384 1243 eum
408 1197 476 1242 esse
499 1197 702 1242 uommunem.
740 1177 785 1244 cf.
809 1179 888 1243 Xen.
913 1178 984 1264 (lyr.
1008 1180 1090 1262 V2,
1116 1179 1166 1243 10.
1201 1178 1246 1243 VI
1262 1179 1289 1259 1,
1316 1181 1365 1244 11.
1389 1179 1485 1259 riges.

316 1290 343 1369 1,
371 1286 420 1349 12.
465 1284 546 1349 Hell.
570 1284 671 1366 1114,
704 1286 734 1349 6.
783 1284 929 1360 Aesohin.
962 1285 1066 1349 1143
1098 1305 1128 1368 p.
1152 1286 1204 1351 20.
1242 1285 1348 1349 1146
1379 1305 1409 1366 p.
1432 1285 1484 1348 34.

312 1390 562 1457 Ρ1ο1.Αι·ἰελ.5.
605 1391 694 1455 Alex.
717 1390 769 1455 55.
811 1392 919 1457 Artax.
949 1393 1001 1457 28.
1055 1390 1206 1457 Similiter
1236 1389 1333 1456 Thus.
1356 1391 1401 1456 VI
1435 1392 1483 1457 17.

312 1498 567 1581 Xen.An.13‚
593 1498 643 1562 10.
688 1498 768 1581 V6,
796 1498 848 1564 35.
892 1499 974 1562 Tum
996 1498 1115 1563 Steinio
1146 1494 1284 1563 oonoedo
1314 1495 1484 1561 admodum

312 1604 446 1669 similem
469 1623 536 1668 esse
559 1602 642 1669 huno
664 1603 766 1669 looum
789 1603 819 1668 ei
842 1622 934 1685 quem
949 1624 987 1669 ex
1000 1603 1144 1690 Odyssea
1165 1602 1318 1685 laudauit,
1341 1608 1375 1666 ut
1389 1603 1484 1668 Hero-

313 1710 403 1775 dotus
434 1708 587 1793 uideatur,
620 1729 690 1774 oum
722 1709 802 1797 haeo
833 1710 996 1790 scriberet,
1028 1730 1062 1775 re
1093 1730 1171 1775 uera
1201 1707 1382 1774 reeordatus
1414 1729 1483 1774 esse

313 1816 444 1881 duorum
473 1835 618 1880 uersuum
650 1815 773 1880 illorum
803 1822 896 1898 atque
926 1836 965 1881 ex
994 1816 1054 1882 hoo
1084 1816 1225 1899 exemplo
1254 1834 1343 1879 suam
1366 1816 1484 1881 eonfor-

312 1942 415 1987 masse
430 1922 612 1987 orationem.
648 1922 717 1987 Neo
734 1941 809 1987 uero
831 1928 905 2007 puto
929 1922 963 1987 id
987 1942 1058 1987 eum
1080 1922 1191 1987 feeisse
1214 1921 1326 1987 ieoiroo
1341 1927 1375 2001 ut
1388 1921 1484 1986 etiarn

312 2030 461 2093 lentorum
493 2028 527 2092 in
549 2028 733 2093 memoriam
756 2035 916 2094 reuocaret
947 2021 1050 2094 looum
1072 2027 1290 2093 Homericum:
1322 2047 1396 2092 nam
1418 2033 1483 2091 tum

314 2135 465 2200 similiora
488 2153 545 2199 sua
568 2140 689 2218 poterat
712 2133 844 2200 reddere
866 2137 977 2201 uerba:
1001 2154 1101 2217 neque
1124 2134 1196 2200 ideo
1219 2140 1253 2199 ut
1274 2133 1395 2217 poetioo
1410 2153 1483 2215 quo-

313 2240 388 2305 dam
417 2241 519 2306 eolore
549 2240 701 2306 imbueret
730 2241 955 2307 narrationem:
986 2262 1044 2307 neo
1074 2242 1157 2307 enim
1187 2241 1268 2305 inest
1296 2239 1379 2322 quod
1402 2239 1483 2304 adeo

313 2347 425 2412 mirum
447 2348 488 2412 sit
511 2352 541 2412 et
563 2353 687 2432 praeter
709 2367 904 2413 communem
926 2368 1017 2413 usum
1039 2346 1167 2413 dioendi
1190 2349 1314 2412 elatum.

402 2489 601 2554 Absoluimus
624 2488 690 2554 iam
712 2509 752 2554 ea
774 2491 872 2555 uerba
893 2509 976 2571 quae
998 2490 1131 2555 Hoferus
1153 2490 1186 2554 in
1208 2489 1314 2554 libello
1337 2507 1393 2553 suo
1412 2508 1482 2553 oon-

313 2595 425 2678 gessit,
448 2601 483 2659 ut
504 2595 696 2661 Herodotum
718 2595 978 2661 studiosissimum
1009 2596 1103 2661 fuisse
1126 2595 1275 2661 orationis
1297 2594 1483 2660 Homericae

313 2701 487 2767 imitandae
510 2701 695 2769 ostenderet.
730 2704 861 2767 Restare
882 2701 961 2766 mihi
984 2701 1151 2768 uidebatur
1172 2707 1207 2766 ut
1229 2701 1422 2785 disputarem
1442 2699 1482 2764 de

531 2904 965 3013 ooourrournus
994 2903 1081 2993 (περ
1104 2903 1261 2994 aarum)

313 3057 355 3122 iis
379 3076 460 3139 quae
484 3056 569 3141 apud
592 3057 740 3122 Nostrum
763 3077 830 3123 esse
854 3057 964 3141 epieae
986 3055 1221 3123 affirmarentur.
1257 3054 1322 3121 Sed
1336 3054 1484 3137 quoniam

314 3161 355 3229 de
377 3163 440 3228 illis
463 3183 545 3245 quae
567 3169 639 3228 suut
660 3166 863 3253 μηχανᾶσθαι
886 3164 973 3226 uocaui
1003 3169 1034 3229 et
1057 3161 1198 3247 σκοπιὴν
1221 3155 1303 3241 ἔχειν
1332 3161 1482 3226 Hoferum

311 3270 411 3335 seeuti
433 3269 498 3333 iam
520 3288 616 3354 supra
639 3270 761 3352 egimus
784 3268 846 3335 duo
869 3270 937 3335 sola
959 3275 1123 3353 supersunt
1146 3269 1290 3353 exempla
1312 3267 1483 3350 dequibus

311 3378 497 3442 sententiam
520 3382 657 3441 nostram
680 3395 879 3461 exponamus.

403 3512 640 3604 ἀναπίμπλημι
662 3518 749 3581 καλοί
774 3516 842 3581 κτλ’
866 3516 1019 3603 (erleide).
1063 3518 1091 3583 V
1113 3518 1136 3581 4
1168 3513 1395 3604 ὀλοφύρονται,
1421 3512 1483 3578 ὅσα

311 3648 367 3706 μιν
391 3624 442 3688 δεῖ
464 3618 576 3687 ἐπείτε
600 3620 723 3709 ἐγένετο
746 3622 935 3711 ἀναπλῆσαι
958 3621 1054 3686 κακοί.
1099 3624 1143 3689 Vl
1169 3625 1209 3688 12
1233 3623 1483 3710 (confabulantur

311 3731 416 3817 Iones)
447 3725 520 3794 τίνα
549 3728 710 3812 δαιμόνων
732 3728 940 3817 παραβάντες
962 3729 1043 3793 τάδε
1066 3724 1339 3812 ἀναπίμπλαμεν;
1369 3729 1417 3794 IX
1439 3729 1479 3793 87

313 3837 424 3918 (uerba
446 3835 688 3921 Timagenidae)
719 3846 772 3899 νῦν
795 3825 839 3899 ὧν
861 3833 967 3923 ἡμέων
989 3835 1096 3900 εἵνεκα
1119 3838 1159 3924 γη
1182 3836 1202 3922 ἡ
1224 3830 1369 3924 Βοιωτίη
1391 3830 1483 3897 πλέω

311 3939 356 4026 μὴ
389 3939 572 4029 οίναπλήση.
627 3941 765 4009 Steinius
796 3941 839 4007 ad
868 3942 954 4007 Vl:
988 3940 1199 4021 „distantium
1231 3939 1349 4019 aaaoi“,
1382 3940 1482 4023 inquit

311 4047 525 4131 „Homeriseh
548 4047 606 4114 Od.
630 4070 646 4112 ε
668 4050 732 4115 207
759 4046 842 4111 ὅσσα
864 4070 916 4111 τοι
946 4038 1027 4111 αἶσα
1057 4046 1154 4135 Κήδε’
1184 4045 1375 4136 ἀναπλῆσαι
1404 4043 1483 4133 πρὶν

312 4148 459 4241 πατρίδα
482 4156 576 4238 γαῖαν
600 4147 762 4220 ίαέσθαι.“
809 4154 958 4220 Οοοίθιαο
981 4156 1076 4220 etiam
1109 4156 1137 4220 0
1163 4156 1225 4220 132
1255 4153 1341 4216 ansol
1362 4152 1480 4231 πολλοί,

315 4261 409 4326 633
438 4260 539 4324 aanor
569 4251 672 4340 οἶτον,
705 4264 809 4327 ε302
841 4259 951 4347 δίληεα.
996 4262 1108 4327 Paullo
1140 4261 1221 4327 alius
1235 4297 1238 4304 ·
1251 4260 1381 4326 rationis
1412 4265 1483 4325 sunt

311 4368 344 4430 A
369 4369 432 4432 170
454 4369 569 4454 μοῖραν
591 4363 718 4450 βίοτοιο
747 4360 779 4433 θλ
800 4370 839 4432 Λ
862 4370 927 4434 263
957 4365 1086 4450 πότμον
1115 4365 1385 4449 ἄναπιμπλσίναιτ
1415 4366 1481 4449 qui·

312 4474 369 4538 bus
392 4493 575 4558 comparare
596 4474 670 4540 lieet
682 4474 874 4540 Herodotum
897 4476 1013 4562 μοῖραν
1036 4472 1265 4556 ἐκπιμπλάναι
1288 4475 1321 4539 in
1344 4474 1393 4539 Ill
1419 4474 1481 4539 142

312 4585 343 4644 et
364 4580 409 4645 IV
434 4581 498 4645 164
521 4587 595 4647 extr.
649 4580 714 4647 Sed
745 4586 819 4666 puto
851 4581 932 4648 haee
962 4580 1069 4646 omnia
1100 4587 1224 4666 sumpta
1255 4601 1323 4647 esse
1354 4601 1394 4646 ex
1423 4599 1482 4645 usu

1725 1094 1731 1279 ι
