3492 5358
706 485 932 551 ...45..

159 758 165 770 .
233 699 323 780 Ι49,
346 699 374 765 V
401 699 476 784 159)
509 700 650 782 aliosque
678 704 788 783 poetas
810 699 940 784 legitur,
972 698 1030 765 sed
1062 697 1158 765 etiam
1186 698 1272 784 apud
1304 696 1407 784 ipsum

123 790 126 794 ⁵
232 807 380 871 Nostrum
394 807 424 891 (I
441 806 518 891 189)
538 807 804 890 Hipporatemque
826 826 856 890 p.
880 808 954 891 279,
980 809 1030 871 11.
1054 807 1118 871 963
1140 805 1201 892 Η),
1224 825 1283 872 neo
1304 806 1407 871 minus

232 912 319 997 apud
351 913 516 997 scriptores
547 912 669 978 Attieos
699 912 752 999 (ef.
786 913 865 980 Plat.
895 912 1039 995 Phaedr,
1070 933 1100 996 p.
1124 914 1188 977 248
1213 915 1250 978 A.
1295 913 1405 997 Polyb.

231 1020 324 1102 137,
347 1022 378 1085 2.
423 1020 524 1087 Strab.
554 1020 613 1084 XV
641 1040 673 1102 p.
697 1021 771 1085 722.
816 1020 896 1085 Plut.
926 1020 1027 1085 Crass.
1061 1021 1112 1085 19.
1160 1020 1235 1086 Lue.
1264 1020 1345 1086 Tun.
1375 1021 1406 1086 3.

232 1125 357 1210 Dipsad
380 1128 410 1193 3.
456 1126 569 1192 Athen.
599 1126 676 1192 VIII
705 1146 735 1211 p.
759 1126 832 1193 338.
878 1127 970 1193 Paus.
1001 1126 1045 1192 IV
1067 1128 1124 1211 20,
1152 1128 1182 1193 4.
1228 1129 1353 1192 Aretae.
1377 1148 1406 1212 p.

237 1233 286 1315 19,
313 1234 363 1298 17.
400 1234 452 1315 27,
476 1233 529 1300 41.
554 1234 606 1316 61,
629 1230 702 1316 53),
725 1238 759 1296 ut
780 1251 842 1297 uox
865 1232 960 1297 fuisse
988 1251 1062 1316 uere
1085 1233 1224 1315 uulgaris
1253 1233 1406 1300 uideatur.

233 1339 348 1405 contra
379 1336 546 1425 ὑπόβρυχα
577 1339 678 1404 forma
707 1337 815 1425 (quam
845 1359 885 1404 ne
907 1340 1060 1405 Homerus
1089 1338 1216 1421 quidem
1244 1341 1315 1424 plus
1343 1360 1406 1405 uuo

232 1445 286 1510 illo
318 1446 387 1511 Iooo
410 1444 539 1530 posuit),
563 1446 684 1511 sublato
707 1445 848 1529 exemplo
864 1444 1050 1529 Herodoteo,
1074 1445 1159 1530 apud
1181 1451 1290 1530 poetas
1312 1445 1405 1512 modo

232 1551 374 1618 inuenies
404 1551 533 1617 Homeri
564 1551 748 1635 imitatores,
780 1557 815 1615 ut
846 1572 897 1636 ap.
919 1551 1006 1626 Arat.
1036 1553 1111 1620 426.
1156 1551 1259 1630 Quint.
1283 1552 1405 1638 Smym.

231 1658 313 1723 XIII
336 1657 411 1724 485.
443 1658 519 1723 XIV
543 1660 617 1726 618.
662 1658 740 1743 Opp.
764 1658 835 1724 Hal.
868 1657 982 1722 1145.
1014 1658 1165 1725 111599.
1197 1659 1241 1724 IV
1264 1660 1316 1725 39.

320 1799 379 1864 His
401 1799 466 1864 iam
488 1819 592 1884 pauoa
614 1799 733 1865 addam
756 1799 796 1866 de

650 1967 990 2041 ADUERBIIS.

322 2113 474 2206 ἀμαχητί.
511 2120 527 2184 Ι
553 2120 617 2186 174
634 2113 791 2207 Ἁρπάγῳ
814 2113 944 2183 ἐπιόντι
959 2119 1016 2182 σὺν
1038 2121 1086 2204 τῷ
1110 2120 1240 2206 στρατῷ
1263 2115 1406 2204 ἀμαχητὶ

166 2262 171 2267 .
234 2220 337 2312 σφέας
375 2222 491 2302 αὐτοὺς
528 2222 725 2313 παρέδοσαν.
786 2226 818 2290 lI
853 2227 916 2292 102
963 2224 1061 2289 ότεων
1097 2221 1135 2288 δὲ
1171 2222 1313 2311 ἀμαχητὶ
1348 2221 1405 2288 καὶ

233 2329 393 2407 εάττετὲιος
422 2329 590 2419 παρέλαβε
620 2332 681 2407 τὰς
710 2329 826 2409 πόλις,
857 2332 1004 2395 τοάτοισι
1033 2329 1111 2395 μαλ’.
1163 2332 1210 2396 III
1235 2332 1275 2397 13
1307 2324 1339 2395 ολ
1369 2328 1406 2394 δὲ

141 2467 144 2472 ·
233 2439 404 2525 προσεχεῖς
426 2433 554 2521 Λίβυες
584 2434 748 2514 δείσαντες
779 2438 822 2502 τά
852 2435 932 2526 περὶ
961 2435 1018 2523 τὴν
1040 2431 1217 2522 Αἴγυπτον
1253 2434 1405 2529 γεγονότα

232 2541 420 2629 παρέδοσαν
444 2541 548 2632 σφέας
570 2541 684 2621 αὐτοὺς
707 2540 857 2631 ἀμαχητί.
905 2545 950 2611 Of.
974 2545 1019 2611 IV
1044 2548 1101 2629 11,
1124 2546 1177 2610 93.
1209 2544 1312 2611 v95.
1344 2544 1405 2608 VII

233 2652 298 2717 235
321 2651 431 2738 (uerba
453 2650 637 2737 Demarati).
683 2653 730 2717 IX
753 2654 783 2718 2.
828 2653 932 2718 Semel
954 2653 1084 2718 uerbum
1111 2652 1215 2736 posuit
1242 2652 1405 2735 Homerus,

233 2758 266 2822 iu
291 2762 322 2820 d>
344 2759 407 2824 437
432 2757 472 2822 τὸ
493 2755 553 2839 μὲν
581 2752 723 2837 αἴσχιον,
758 2752 798 2821 αἴ
816 2757 845 2822 ι’
869 2753 1012 2844 ἀμαχητί
1040 2751 1144 2844 (ἴομεν
1170 2754 1403 2842 Οόλάμττονδε).

233 2865 369 2931 Uerbum
401 2863 525 2929 uidetur
555 2866 651 2930 fuIsse
682 2866 851 2949 recentius,
883 2865 940 2931 sed
969 2885 1032 2930 non
1060 2865 1119 2929 fuit
1146 2865 1312 2949 poeticum.
1359 2864 1404 2932 Os.

233 2971 311 3037 Xen.
335 2971 395 3037 Au.
418 2972 462 3037 IV
484 2973 514 3054 2,
540 2971 581 3036 15
604 2970 671 3058 (ubi
695 2968 814 3052 ἀμαχεὶ
835 2972 913 3055 IegIt
934 2970 1131 3055 Rehdantz.).

319 3111 338 3149 *
367 3109 564 3198 ἀμβολάδην.
610 3112 656 3178 IV
680 3112 742 3177 181
774 3107 833 3174 ἐπὶ
864 3108 902 3175 δὲ
929 3109 1051 3194 μᾶλλον
1080 3106 1130 3175 ἰόν
1159 3107 1260 3187 ieet
1290 3110 1405 3199 θερμόν

234 3214 267 3294 ἒς
288 3215 392 3298 μέσας
413 3218 530 3295 νύκτας
551 3215 698 3297 πελάζει,
722 3227 900 3307 τηνικαῦτα
923 3208 962 3282 δὲ
985 3215 1032 3296 ζεῖ
1056 3215 1253 3307 ἀμβολάδην.
1300 3217 1405 3285 Adno-

233 3325 311 3389 tauit
332 3325 484 3391 SteInius:
514 3324 635 3410 ,‚Naoh.
657 3326 694 3393 Il.
717 3347 743 3412 φ
765 3327 831 3391 362
861 3322 956 3411 λέβης
987 3322 1035 3403 ζεῖ
1057 3319 1163 3403 ἔνδον,
1195 3320 1406 3410 ἐπειγόμενος

233 3428 312 3519 πυρὶ
333 3429 496 3517 πολλῷ..
542 3430 710 3496 Πάντοόεν
737 3429 934 3518 ἀμβολάδην.
982 3432 1105 3498 Curtius
1128 3432 1213 3498 IVI
1245 3452 1306 3496 von
1336 3431 1404 3496 der-

233 3538 338 3604 selbeu
382 3538 493 3617 Quelle
537 3538 698 3605 feruido
744 3539 991 3605 exaestuat.“
1056 3539 1131 3604 Alia
1176 3537 1404 3621 significatione

232 3644 387 3711 Pindarus
422 3647 526 3730 posuit
561 3645 747 3711 aduerbium
783 3645 873 3711 Nem.
908 3646 941 3711 X
972 3647 1007 3711 3:
1052 3652 1215 3730 praeterea
1250 3664 1404 3727 nusquam

232 3751 352 3835 legitur.
397 3752 557 3818 Poetioum
589 3751 624 3817 id
654 3771 723 3818 esse
753 3771 875 3836 omnes,
906 3751 989 3834 quod
1016 3752 1160 3830 uideam,
1189 3756 1313 3836 putant:
1343 3771 1403 3835 ego

233 3857 355 3938 dubito,
373 3860 461 3942 quia
483 3879 585 3942 neque
607 3879 625 3925 e
648 3860 748 3924 forma
772 3860 840 3943 (pro
864 3857 1079 3948 ἀναβολάδην)
1102 3857 1273 3941 quidquam
1297 3858 1404 3941 oolligi

233 3971 332 4049 potest
353 3986 455 4049 neque
468 3967 555 4033 loeus
568 3964 763 4032 Herodoteus
786 3966 863 4031 satis
886 3965 1068 4032 commodus
1081 3964 1206 4030 uidetur
1222 3970 1404 4031 ornamento

232 4072 362 4167 puetioo.

318 4213 432 4303 βάδην.
479 4215 527 4279 IX
549 4216 590 4281 57
622 4212 825 4297 ἀναλαβόντα
850 4212 906 4278 τδν
928 4211 1021 4293 λόχον
1043 4213 1086 4277 τά
1111 4211 1199 4277 δ’ττλα
1222 4201 1279 4299 dyo
1301 4212 1405 4303 βάδην

233 4321 315 4409 πρὸς
338 4321 377 4385 τὸ
400 4311 479 4385 ἀλλο
502 4323 628 4409 στῖφος.
666 4322 770 4389 Semel
793 4320 827 4386 id
844 4340 966 4404 quoque
988 4321 1103 4404 legitur
1125 4321 1211 4406 apud
1224 4321 1404 4399 Homerum,

120 4470 123 4476 -
233 4432 268 4491 N
287 4428 352 4494 516
375 4437 439 4521 uod
457 4425 493 4492 δὲ
514 4426 619 4517 βάδην
642 4426 800 4504 ἀπιόντος
832 4425 985 4492 ἀκόντισε
1015 4425 1104 4515 δοορλ
1128 4429 1262 4516 φαεινῷ.
1308 4428 1404 4493 Miror

232 4534 291 4602 hoe
319 4540 456 4618 tantum,
494 4535 579 4618 quod
608 4535 784 4602 Herodotus
816 4556 878 4601 non
910 4535 1035 4619 saepius
1071 4538 1175 4620 posuit
1204 4534 1402 4607 aduerbium:

232 4663 305 4708 nam
327 4648 437 4728 postea
459 4642 537 4707 satis
562 4649 630 4708 erat
659 4643 815 4709 usitatum.
862 4642 907 4709 Of.
930 4643 1009 4709 Xen.
1033 4644 1093 4709 An.
1124 4644 1167 4708 IV
1191 4648 1228 4723 o,
1251 4644 1294 4707 25
1324 4639 1402 4729 (26).
