3492 5358
723 450 946 514 ..41-

249 662 282 727 11
304 661 373 745 285
400 660 594 746 Strophades
620 662 819 746 appellantur
840 657 978 724 πλιυταί
996 663 1098 749 νῆσοι.
1144 661 1193 726 lta
1215 661 1248 726 ui
1270 680 1352 743 quae
1375 667 1422 727 est

251 798 290 820 =
324 772 439 833 natam
470 765 622 854 (fluitans)
660 767 790 832 uerbum
827 767 963 851 positum
995 772 1042 832 est
1080 767 1176 832 etiam
1207 768 1248 832 ab
1287 767 1421 853 (Arion.)

247 874 415 959 Hymn.d
460 873 555 958 Soph.
579 874 615 941 tr.
639 875 713 940 678.
758 874 852 939 Arist.
875 874 941 941 Pol.
970 874 986 938 Ι
1011 874 1062 940 11.
1107 873 1259 941 AtheuI
1289 894 1318 958 p.
1342 874 1364 937 4
1387 873 1421 940 O.

250 979 296 1047 (li.
320 980 445 1047 Authol.
477 980 521 1045 VI
547 980 596 1062 14,
620 981 650 1045 3.
682 981 734 1063 23,
759 978 788 1045 5.
823 980 895 1063 180,
919 980 949 1044 6.
982 980 1047 1044 296
1071 979 1100 1046 4.

337 1120 525 1209 ποδηνεκής.
570 1120 670 1186 1195
694 1116 806 1207 ἕσθητι
830 1116 868 1185 δέ
889 1119 1002 1207 τοιῇδε
1013 1127 1162 1207 χρῶνται,
1186 1122 1303 1185 κιθῶνι
1320 1120 1421 1209 ποδη-

249 1229 336 1291 νεκεῖ
357 1224 462 1311 λινέῳ,
493 1224 552 1291 καί
581 1223 641 1291 ἐπὶ
672 1235 786 1291 τοῦτον
816 1224 913 1290 άλλον
943 1221 1075 1313 εἰρίνεον
1103 1231 1225 1291 κιθῶνα
1256 1224 1421 1292 ἐπενδύνει

248 1331 326 1396 κτλ’.
372 1335 410 1398 In
432 1333 535 1399 Iliade
556 1333 641 1400 idem
664 1334 788 1418 ponitur
811 1333 851 1399 de
878 1334 961 1418 pelle
989 1334 1089 1399 leonis
1111 1337 1146 1397 Κ
1168 1335 1212 1399 34
1234 1362 1278 1391 =
1303 1334 1366 1400 178
1391 1321 1429 1399 et*

247 1438 288 1505 de
311 1445 398 1505 scuto
423 1440 452 1503 0
474 1441 549 1507 646.
594 1441 761 1505 Praeterea
788 1439 969 1528 ποδηνεκὴς
990 1437 1120 1516 πέπλος
1148 1441 1296 1526 scriptum
1319 1440 1421 1506 estin

248 1545 373 1613 Authol.
395 1546 429 1611 Π
454 1546 526 1613 151.
546 1578 550 1584 ·
571 1546 705 1631 Saepius
727 1547 914 1612 uocabulum
946 1566 1008 1612 nou
1038 1544 1162 1611 uidetur
1183 1547 1256 1629 legi.
1301 1545 1421 1624 Quodsi

246 1652 402 1736 poeticum
425 1652 498 1737 fuit,
520 1653 626 1719 nescio
649 1672 711 1735 quo
734 1653 864 1719 consilio
886 1651 1062 1718 Herodotus
1084 1652 1119 1717 id
1141 1653 1161 1716 l.
1175 1653 1194 1720 l.
1217 1653 1361 1737 posuerit.

339 1791 553 1882 πρόκροσοος.
599 1795 643 1860 IV
668 1795 731 1860 152
759 1789 791 1860 οἱ
816 1792 853 1859 δέ
875 1794 999 1876 Σάμιοι
1021 1795 1078 1883 την
1102 1794 1239 1884 δεκάτην
1261 1797 1326 1860 τῶν
1348 1792 1421 1860 ἑπι-

247 1895 383 1986 κερδίιυν
415 1896 575 1977 ἐξελόντες
604 1894 641 1979 ἓξ
667 1899 813 1966 τάλαντα
850 1898 1050 1988 ἐποιήσαντο
1084 1901 1238 1988 χαλκήιον
1266 1912 1421 1989 κρητῆρος

245 1999 440 2095 Ἀργολικοῦ
453 2004 591 2094 τρόπον·
615 2005 716 2094 πέριξ
738 2005 775 2071 δέ
798 2004 896 2071 αὐτοῦ
918 2015 1047 2095 γρυπῶν
1068 2005 1212 2094 κεφαλαί
1237 2004 1423 2096 πρόκοσσοί

247 2107 341 2180 εἰσιν.
387 2114 449 2179 VII
474 2115 537 2179 188
568 2106 605 2176 oi
626 2110 685 2195 μέν
708 2113 749 2201 δη
770 2121 902 2201 πρῶται
931 2115 997 2177 τῶν
1027 2121 1105 2178 νεῶν
1129 2113 1241 2202 ὅρμεον
1263 2115 1348 2202 πρὸς
1370 2118 1419 2202 γῇ,

247 2217 343 2283 άλλαι
376 2218 404 2284 δ’
436 2216 489 2282 ἐπ’
522 2214 679 2307 έκείνησιν
711 2217 764 2283 ἐπ’
788 2216 962 2308 ἀγκυρέων·
996 2220 1055 2284 ότε
1087 2220 1147 2307 γὰρ
1179 2230 1238 2285 τοῦ
1270 2216 1421 2307 αἰγιαλοῦ

248 2322 356 2402 ἐόντος
379 2322 415 2390 οὐ
436 2325 586 2411 μεγάλου,
610 2323 818 2415 πρόκροσσαι
841 2324 994 2414 ὁρμέοντο
1024 2323 1058 2403 ές
1083 2324 1213 2390 πόντον.
1259 2327 1330 2393 Uno
1353 2348 1420 2393 uer·

246 2433 320 2496 bum
342 2432 457 2515 legitur
479 2433 547 2498 loco
570 2433 736 2499 Homerico
759 2433 814 2515 qui
827 2432 1006 2499 Herodoteo
1029 2433 1121 2498 alteri
1139 2432 1226 2498 haud
1239 2453 1317 2499 sane
1330 2433 1420 2499 dissi-

246 2538 330 2604 milis
352 2545 408 2624 est,
429 2536 464 2609 Ξ
482 2541 526 2605 30
548 2558 614 2622 sqq.

409 2681 532 2747 πολλὸν
555 2681 615 2768 γὰρ
638 2680 801 2747 ἀπάνευθε
824 2680 928 2769 μάχης
950 2676 1078 2769 είρόατο
1101 2692 1172 2768 νηες

408 2787 467 2852 θῖν’
491 2785 534 2875 ἐφ
557 2787 637 2865 ἁλός
658 2788 794 2876 πολιης·
819 2788 880 2864 τὰς
902 2787 963 2876 γὰρ
985 2786 1122 2875 πρώτας
1143 2782 1298 2852 πεδίονδε

407 2888 546 2982 εἴρυσαν,
571 2891 673 2982 αὐτὰρ
696 2897 801 2974 τεῖχος
824 2891 884 2958 ἐπὶ
906 2895 1089 2982 πρόμνησιν
1112 2888 1254 2976 έδειμαν.

406 2997 482 3065 οὐδὲ
503 2999 563 3089 γὰρ
586 2998 652 3065 οὐδ’
676 2997 764 3088 εὖρός
785 3023 850 3086 περ
873 2997 934 3064 έδιν
957 2997 1133 3087 ἐδυνήσατο
1155 3000 1271 3077 πάσας

407 3101 558 3192 αἰγιαλός
579 3118 657 3194 νῆας
678 3104 815 3187 χαδέειν,
841 3102 1002 3171 στείνοντο
1026 3103 1063 3200 δὲ
1084 3102 1168 3174 λαοί.

334 3214 387 3281 35.
406 3215 453 3297 τῷ
477 3217 517 3299 ῥα
538 3211 749 3301 προκρόσσας
771 3207 896 3300 ἔρυσαν,
920 3210 978 3278 καὶ
999 3211 1129 3300 πλησαν
1151 3212 1288 3301 ἁπάσης

289 3410 293 3417 ’
405 3316 514 3413 ἠιόνος
537 3318 644 3403 στόμα
665 3319 797 3408 μακρόν,
816 3319 898 3390 ,ὅσον
921 3317 1127 3409 συνεέργαθον
1149 3317 1258 3407 άιραι.

247 3462 313 3530 Sed
335 3463 479 3545 quamuis
501 3462 536 3528 id
558 3464 648 3528 multi
670 3470 792 3549 putent,
816 3484 878 3530 non
901 3463 995 3530 oredo
1009 3470 1127 3530 certum
1146 3484 1214 3530 esse
1227 3463 1419 3529 Herodotum

248 3589 320 3636 cum
348 3576 491 3636 narraret
520 3571 732 3636 calamitatem
763 3572 872 3637 classis
901 3573 1083 3655 Persarum,
1119 3570 1317 3638 recordatum
1350 3589 1419 3636 esse

245 3695 392 3742 uersuum
414 3677 664 3743 Homericorum:
697 3697 798 3759 neque
830 3678 914 3743 euim
943 3683 1009 3742 tam
1038 3678 1156 3743 similes
1185 3683 1256 3742 sunt
1285 3676 1355 3761 loci,
1385 3682 1420 3741 ut

245 3802 309 3848 non
330 3784 486 3868 potuerint
508 3782 601 3850 reddi
623 3783 719 3848 multo
742 3784 916 3866 similiores,
940 3803 1042 3866 neque
1057 3803 1117 3867 ego
1130 3784 1293 3867 intellego,
1316 3783 1418 3849 curin

245 3909 280 3955 re
310 3890 403 3973 louge
434 3890 540 3955 aliena
572 3888 812 3973 descriptionem
844 3890 1046 3955 Homericam
1077 3889 1191 3955 Noster
1221 3888 1354 3955 uoluerit
1385 3889 1418 3954 in

246 3996 429 4061 memoriam
453 4015 601 4062 reuocare
623 3996 804 4078 legentium.
849 3997 918 4061 Nec
949 4016 1023 4062 uero
1051 3995 1196 4062 debuisse
1223 4015 1296 4062 eum
1326 4015 1418 4062 uoca-

244 4101 351 4166 bulum
373 4098 578 4189 πρόκροσσος
607 4121 646 4167 ex
675 4102 811 4167 Homero
840 4121 963 4167 sumere
993 4122 1032 4168 ex
1061 4102 1159 4168 altero
1181 4102 1236 4167 illo
1258 4103 1327 4168 loco
1350 4123 1417 4186 per·

246 4207 382 4292 spioitur.
418 4207 509 4286 Quod
517 4207 693 4274 Herodotus
707 4208 806 4274 altero
819 4210 887 4275 loco
902 4208 980 4274 dicit
992 4206 1206 4296 πρόκροσσαι,
1222 4215 1256 4273 ut
1264 4209 1418 4275 Homerus

244 4312 340 4380 habet
368 4311 585 4403 πρόκροσοας,
617 4334 687 4380 oum
717 4315 819 4399 priore
848 4315 1005 4399 scripserit
1033 4312 1176 4403 κεφαλαὶ
1203 4313 1415 4404 πρόκροσσοι,

244 4419 279 4484 id
301 4440 424 4504 quoquo
447 4426 523 4487 casu
545 4422 662 4488 factum
686 4440 754 4488 esse
777 4418 992 4506 existimem.1)
1037 4421 1132 4486 Notio
1162 4420 1312 4489 adiectiui
1342 4441 1417 4487 nou·

333 4613 354 4685 ¹)
373 4613 414 4671 cf.
433 4614 508 4671 locos
526 4615 678 4670 Democriti
696 4619 726 4670 et
744 4613 862 4685 Oppiani
880 4612 952 4670 infra
969 4614 1106 4672 laudatos.
