3492 5358
776 462 999 529 „62...

301 675 477 760 liberlraupt
507 667 539 738 oi
567 671 601 738 ἓν
629 676 670 762 τῇ
699 672 786 762 μάχῃ
813 672 1123 751 καταδειλιάσαντος
1160 675 1252 763 (Plus
1282 675 1377 759 Agna
1408 675 1474 764 30),

236 819 242 829 ·
302 782 386 847 wohl
414 782 497 848 nach
527 781 600 847 dem
622 783 718 848 Vorse
747 782 804 848 des
826 784 979 867 Tyrtaeos
1006 783 1057 849 Fr.
1086 783 1118 847 X
1144 784 1185 847 14
1214 781 1415 870 τρεσσάντων
1446 783 1473 847 θ’

303 886 427 974 ἀνδρῶν
448 886 529 951 πᾶσ’
553 886 697 951 ἀπόλωλ’
728 886 855 975 θρετή.“
899 887 991 966 Quod
1012 889 1053 954 de
1075 888 1196 971 origine
1219 909 1292 954 usus
1315 889 1474 956 Lacedae-

301 995 475 1060 moniorum
497 994 591 1060 nimis
614 994 704 1060 docte
726 996 901 1079 suspicatus
924 1000 972 1060 est
993 995 1042 1059 uir
1065 994 1181 1079 doctus,
1204 996 1363 1061 mittamus
1385 996 1473 1061 licet:

302 1101 360 1166 sed
383 1121 437 1165 cur
460 1101 659 1166 Homericam
682 1102 784 1185 potius
813 1120 908 1183 quam
939 1101 1021 1166 hanc
1051 1101 1153 1185 ipsam
1175 1102 1404 1187 Spartiatarum
1429 1102 1474 1167 di-

303 1205 397 1272 cendi
419 1207 572 1272 rationem
595 1213 735 1272 secutum
757 1227 825 1273 esse
839 1208 987 1272 Nostrum
1010 1206 1096 1273 dicat
1118 1207 1159 1293 (si
1182 1207 1275 1273 modo
1289 1207 1389 1292 dicit),
1413 1229 1474 1273 non

302 1314 458 1396 intellego.

390 1432 462 1524 τρίζ
489 1485 496 1498 .
534 1438 584 1502 ΙΙΙ
609 1440 672 1503 110
700 1431 867 1515 αὐλίζεταί
887 1400 945 1500 κου
968 1432 1063 1524 θηρία
1084 1435 1247 1523 πτερωτοί,
1271 1439 1348 1523 τῇσι
1370 1459 1473 1501 νυκτε-

303 1539 370 1630 ρίσι
384 1538 582 1631 προσείκελα
590 1542 752 1625 μάλιστα,
773 1540 829 1606 καί
853 1541 978 1630 τέτριγε
1002 1541 1114 1609 δεινόν.
1151 1544 1195 1609 IV
1220 1545 1282 1609 183
1306 1539 1474 1630 τετρίγασι

302 1648 387 1713 κατά
409 1672 475 1736 περ
498 1642 534 1712 αὑ
554 1646 744 1737 νυκτερίδες.
792 1649 994 1734 Comparauit
1023 1651 1118 1716 etiam
1140 1650 1277 1716 Steinius
1306 1670 1376 1715 oum
1405 1651 1474 1716 loco

302 1758 404 1840 priore
434 1780 460 1819 ω
490 1758 578 1838 6sq.
607 1751 790 1842 νυκτερίδες
817 1759 907 1840 μυχῷ
939 1754 1054 1842 ὕντρσυ
1086 1750 1276 1821 θεσπεσίοιο
1307 1752 1474 1843 τρίζουσαι
1531 1752 1534 1759 ’

302 1860 496 1940 ποιέονται,
521 1883 579 1928 nec
601 1883 676 1928 uero
698 1864 827 1928 uerbum
851 1883 919 1928 esse
941 1863 1097 1948 poeticum
1120 1883 1214 1928 ausus
1237 1869 1284 1928 est
1307 1861 1473 1930 affirmare.

302 1968 432 2051 Legitur
463 1969 559 2033 etiam
586 1969 620 2033 in
651 1972 681 2033 B
704 1970 778 2036 314.
816 1971 848 2031 Ψ
873 1971 945 2035 101.
978 1970 1051 2036 714
1085 1994 1111 2032 ω
1133 1972 1163 2037 9.
1210 1969 1474 2036 attrutinat

303 2076 362 2140 An.
386 2076 418 2140 ΙΙ
443 2076 492 2142 12.
527 2075 572 2141 IV
594 2078 614 2141 9
638 2081 709 2142 cett.
755 2075 872 2161 Credo,
902 2096 964 2141 non
987 2082 1034 2141 est
1062 2075 1218 2160 poeticum
1241 2077 1386 2162 uerbum,
1416 2074 1474 2141 sed

303 2181 611 2266 onomatopoeticum.

391 2303 527 2392 τρνγοίω.
580 2306 624 2371 IV
656 2306 718 2371 199
755 2305 798 2367 τὰ
833 2303 1091 2392 παραθαλάσσια
1128 2312 1191 2368 τῶν
1225 2312 1360 2392 καρπῶν
1397 2301 1475 2392 ὀργᾷ

304 2406 453 2498 ὕμᾶσθαί
475 2433 511 2474 τε
533 2408 591 2474 καὶ
613 2413 802 2497 τρυγᾶσθαι.
850 2411 895 2477 Of.
919 2414 948 2473 Σ
969 2412 1043 2477 566.
1066 2435 1086 2499 η
1111 2412 1183 2477 124.
1228 2412 1366 2478 Uerbum
1389 2411 1474 2496 apud

302 2524 412 2603 poetas
435 2518 585 2603 (maxime
607 2516 831 2603 Anthologiae)
855 2524 887 2583 et
908 2518 994 2602 apud
1016 2518 1203 2584 recentiores
1225 2519 1390 2602 scriptores
1413 2518 1474 2585 usi-

303 2626 412 2690 tatius:
436 2645 495 2690 nec
518 2630 623 2689 tamen
646 2645 667 2689 a
689 2624 894 2690 neterioribus
916 2624 1094 2690 auctoribus
1115 2626 1210 2709 plane
1233 2625 1378 2690 alienum.
1425 2624 1470 2692 ef.

302 2732 383 2796 Xen.
405 2731 478 2797 Oec.
503 2733 555 2816 19,
579 2733 629 2798 19.
651 2731 732 2797 Plat.
754 2730 874 2814 Theag.
897 2752 927 2815 p.
953 2732 1017 2796 124
1039 2731 1077 2796 Α.
1109 2731 1207 2814 Lsgg.
1221 2731 1298 2795 VIII
1311 2752 1341 2816 p.
1356 2731 1422 2799 844
1436 2731 1474 2797 D.

305 2836 398 2903 Diod.
420 2837 471 2902 ΙΙΙ
494 2839 546 2903 62.
570 2835 745 2903 Dioscorid.
768 2838 784 2901 Ι
811 2838 882 2902 149.
904 2838 931 2903 V
954 2838 1007 2903 29.
1031 2836 1126 2922 Geop.
1149 2837 1208 2903 XV
1230 2837 1260 2922 5,
1286 2840 1315 2907 1.

394 2979 456 3044 Hic
478 2998 582 3063 pauca
604 2978 740 3044 inseram
762 2977 804 3044 de
826 2978 942 3044 aoristo

344 3102 346 3106 ⁴
392 3083 411 3122 *
432 3084 564 3148 ὑπεῖσα.
609 3085 660 3150 ΙΠ
685 3085 748 3150 126
771 3078 891 3148 κτείνει
913 3107 970 3165 μιν
993 3078 1103 3149 ὀπίσω
1126 3082 1335 3167 κομιζόμενον
1357 3081 1475 3171 ἄνδρας

304 3183 337 3255 οὶ
358 3185 498 3267 ὑπείσας
520 3188 591 3253 κατ’
616 3187 699 3254 ὑθὺν.
741 3191 785 3256 VI
808 3192 870 3257 103
893 3184 1056 3255 κτείνουσι
1079 3187 1117 3254 δὲ
1139 3177 1231 3254 οὗτοί
1250 3214 1307 3272 μιν
1328 3190 1414 3254 κατὰ
1436 3190 1476 3254 τὸ

304 3296 500 3384 πρυτανήιον
528 3291 722 3373 ὑπείσαντες
753 3294 882 3384 ἄνδρας.
936 3296 1073 3363 Contulit
1101 3297 1238 3363 Steinius
1261 3301 1293 3359 Z
1314 3300 1377 3364 189
1408 3286 1500 3362 εἷσε.

304 3402 397 3484 λόχον
420 3404 470 3490 (of.
495 3401 515 3466 ὑ
538 3403 613 3487 531,
635 3402 777 3468 similiter
799 3406 832 3467 Δ
850 3405 915 3470 392
938 3402 1074 3467 πυκινὸν
1096 3401 1188 3483 λθχον
1210 3393 1301 3467 εἷσαν
1324 3401 1475 3488 ὑίγσντες),

304 3509 389 3592 quod
417 3514 523 3574 tamen
553 3508 633 3574 adeo
663 3507 782 3575 dinami
811 3514 858 3575 est
882 3511 1020 3594 generis,
1049 3516 1084 3575 ut
1112 3510 1246 3576 imitatio
1275 3510 1359 3575 nullo
1382 3508 1474 3575 modo

303 3614 402 3701 possit
423 3615 526 3683 statui.
577 3616 680 3698 Atque
709 3616 812 3700 ipsum
841 3616 900 3682 hoc
929 3617 1013 3682 uerb.
1036 3636 1135 3701 comp.
1165 3635 1232 3682 esse
1255 3616 1395 3683 lonicum
1424 3616 1475 3682 nel

303 3722 378 3788 inde
401 3727 548 3807 apparet,
571 3721 654 3804 quod
676 3723 829 3788 Homerus
858 3723 912 3787 ille
941 3721 1070 3806 quidem
1098 3723 1201 3807 posuit
1231 3712 1315 3802 εἷσα,
1347 3717 1474 3811 ἐφεῖσα,

304 3848 458 3913 nusquam
479 3828 642 3914 usurpauit
663 3827 793 3917 ὑφεῖσα.

394 3970 440 4034 ὕοι
464 4003 503 4025 =
527 3972 635 4057 pluuio
658 3971 736 4055 rigo.
780 3973 814 4038 11
839 3973 879 4037 13
903 3971 995 4035 ὕεται
1016 3973 1112 4035 πᾶσα
1134 3970 1154 4058 ή
1175 3970 1261 4057 χώρη
1287 3979 1351 4035 τῶν
1370 3964 1476 4058 ‘Erip

304 4099 373 4154 νων,
397 4097 470 4142 mox
492 4072 523 4141 ei
545 4076 590 4163 μή
613 4075 758 4165 ἐθελήσει
783 4097 863 4165 σφιν
884 4077 951 4141 ὕειν
980 4077 998 4141 ὑ
1026 4076 1107 4153 θεός.
1156 4079 1198 4143 14
1219 4072 1334 4142 ὕσεταί
1356 4097 1435 4164 σφιν
1456 4076 1476 4164 ή

303 4180 398 4271 χώρη.
446 4186 488 4250 22
512 4179 573 4247 ἐπὶ
596 4181 634 4248 δὲ
660 4182 744 4264 χιόνι
774 4184 920 4271 πεσοὺσγρ
947 4185 1044 4247 πᾶσα
1074 4181 1196 4272 ἀνάγκη
1222 4180 1315 4248 ἐστίν
1342 4170 1421 4248 ὑσαι
1443 4179 1476 4246 ἐν

304 4285 403 4352 πέντε
435 4287 589 4377 ἡμέρῃσιν
596 4339 605 4370 ,
637 4291 722 4355 ὥστε
750 4285 779 4354 εἰ
802 4288 963 4370 ε’χιόνιζεν,
993 4290 1067 4354 ὕετο
1089 4288 1129 4353 ἂν
1159 4298 1264 4353 ταῦτα
1292 4289 1335 4352 τὰ
1364 4284 1474 4376 χωρία.

307 4394 352 4462 Oi.
384 4395 436 4462 25.
467 4397 517 4461 III
549 4398 600 4464 10.
632 4399 705 4464 117.
741 4398 786 4463 IV
808 4398 860 4465 28.
888 4397 1135 4464 50.151.198.
1180 4395 1276 4482 Apud
1306 4397 1476 4462 Homerum

305 4501 355 4567 bis
376 4502 491 4585 legitur
513 4501 593 4579 Ζεὺς
616 4489 661 4580 ὑε,
692 4504 772 4569 Zeus
801 4503 914 4568 sandte
935 4505 1059 4587 Regen,
1089 4505 1133 4566 M
1153 4503 1205 4570 25.
1236 4500 1350 4586 1457,
1380 4501 1477 4567 semel

305 4608 482 4692 passiuum,
506 4606 525 4686 ζ
549 4611 609 4674 131
634 4607 715 4672 λεὼν
737 4607 868 4691 ὑόμενος
890 4606 947 4674 καί
969 4607 1105 4696 ἀήμενος
1118 4607 1320 4696 (βρεχόμενος
1332 4604 1389 4672 καί
1410 4605 1477 4671 ὑπὸ

1729 692 1731 759 l

1728 768 1731 817 ι
