3492 5358
808 447 1084 543 -54-,

330 653 407 745 νίην.
455 659 500 726 Of.
523 661 563 721 A
579 659 651 723 166.
672 661 712 721 Λ
727 660 800 724 706.
823 660 913 739 μ16.
960 659 1083 745 (Paullo
1106 659 1197 724 aliter
1221 654 1360 745 στρατὸν
1374 656 1503 724 διέπειν

331 769 362 828 Β
385 766 460 842 207,
486 760 599 850 ἀνέρας
630 759 801 853 σκηπανίῳ
831 764 862 827 Ω
885 763 972 849 247).
1018 764 1109 830 Pind.
1132 764 1178 832 Ol.
1202 765 1253 832 VI.
1277 767 1330 830 93.
1359 766 1450 832 Nenu
1472 767 1504 831 X

332 871 384 937 53.
408 870 520 938 Aesch.
543 872 627 937 Pers.
651 873 703 939 97.
748 870 813 937 Sed
842 872 972 936 uerbum
1001 891 1062 936 non
1092 890 1160 937 esse
1188 871 1345 955 poeticum
1375 891 1413 937 ex
1435 872 1503 956 ipsc

227 982 231 989 '
331 976 505 1042 Herodoto
520 976 739 1060 intellegimus.
791 977 941 1070 Conferat
970 978 1066 1044 etiam
1096 975 1216 1064 (Arist)
1246 976 1287 1044 de
1315 978 1421 1045 mund.
1451 979 1502 1063 Vl,

335 1083 384 1150 15.
407 1083 487 1149 Plut.
510 1082 585 1167 Lyc.
608 1084 638 1149 3.
661 1082 771 1149 Pericl.
798 1084 847 1148 13.

423 1236 556 1329 δίζημαι
573 1274 612 1295 --
628 1262 752 1326 quaero,
775 1248 957 1326 perscrutor,
980 1242 1099 1322 studeo,
1123 1243 1221 1327 cupio,
1245 1244 1366 1328 postulo
1384 1243 1502 1331 (suche,

333 1348 527 1433 untersuche,
551 1347 702 1435 ersuche).
748 1350 764 1414 Ι
787 1351 827 1415 67
855 1347 899 1424 ὡς
922 1345 959 1412 δέ
981 1346 1038 1412 καὶ
1060 1358 1165 1412 ταῦτα
1187 1344 1325 1435 ήκουσαν
1348 1342 1503 1414 οὶΛαιε-

333 1451 508 1536 δαιμόνιοι,
543 1452 679 1534 ἀπεῖχον
707 1465 764 1541 τής
786 1451 964 1542 ἐξευρέσιος
988 1452 1077 1519 ούδέν
1100 1449 1253 1534 ἐλασσον,
1284 1453 1396 1519 πάντα
1420 1454 1503 1544 διζή-

331 1584 432 1643 μενοι.
486 1563 529 1627 94
560 1559 618 1625 καὶ
648 1561 724 1637 τοὺς
754 1561 887 1639 Λυδοὺς
918 1559 1000 1638 τέιος
1029 1559 1089 1643 μέν
1121 1560 1246 1648 διάγειν
1277 1560 1502 1650 λιπαρέοντας,

331 1667 415 1749 μετὰ
439 1664 476 1731 δέ
500 1667 542 1744 ὡς
566 1665 602 1732 οὐ
622 1667 798 1744 παύεσθαι,
824 1666 906 1732 ίίκεα
930 1663 1090 1754 δίζησθαι.
1139 1670 1200 1734 139
1230 1664 1264 1745 ἐς
1292 1678 1389 1733 τοῦτο
1419 1667 1503 1757 διζή-

331 1796 426 1855 μενος
457 1773 603 1861 εὑρήσεις
632 1773 829 1840 τελευτῶντα
860 1783 924 1838 τῶν
954 1772 1109 1862 Περσέων
1139 1775 1182 1839 τὰ
1214 1773 1384 1856 ούνύματα.
1433 1770 1504 1842 ’214

336 1878 477 1966 Τόμυρις
509 1876 636 1967 ἐδίζητο
668 1874 702 1944 ἐν
732 1882 822 1945 τοῖσι
852 1887 1002 1945 τεθνεῶσι
1026 1889 1089 1944 τῶν
1120 1879 1274 1968 Περσέων
1305 1878 1362 1948 τὸν
1397 1883 1504 1969 Κύρου

331 1984 430 2051 νέκυν.
478 1987 522 2055 uf.
546 1988 579 2052 ΙΙ
601 1989 653 2055 38.
677 1989 726 2052 III
749 1988 801 2054 53.
824 1988 868 2053 IV
890 1990 920 2054 9.
943 1990 995 2055 30.
1023 1990 1093 2055 139.
1119 1990 1190 2056 147.
1221 1989 1282 2055 VII
1307 1991 1379 2055 142.
1425 1986 1503 2056 (ium

334 2092 486 2158 infinitiuo
509 2094 542 2158 11
565 2095 616 2160 66.
643 2095 716 2159 147.
738 2094 767 2159 V
789 2096 841 2161 92.
887 2095 965 2160 Gum
995 2095 1175 2160 accusatiuo
1213 2115 1238 2162 c.
1268 2095 1322 2162 inf.
1344 2097 1405 2162 VIl
1431 2099 1502 2163 103.

331 2201 456 2282 Regeno
478 2199 754 2282 interrogationem
777 2199 935 2282 obliquam
957 2202 1007 2266 ΙΙΙ
1030 2202 1081 2266 41.
1104 2201 1149 2267 IV
1173 2201 1245 2269 151.
1282 2201 1376 2287 Apud
1390 2203 1502 2269 Home-

332 2326 400 2370 rum
423 2307 552 2371 uerbum
575 2311 622 2371 eet
646 2338 685 2360 =
711 2325 874 2388 quaerere,
898 2313 1053 2391 appetere,
1086 2327 1187 2390 neque
1216 2307 1305 2373 aliud
1332 2308 1407 2374 inde
1428 2330 1501 2393 pen-

332 2411 407 2477 dere
429 2417 531 2497 potest
552 2412 613 2477 nisi
637 2412 842 2477 accusatiuus.
888 2413 934 2480 Of.
957 2415 989 2477 Δ
1012 2414 1063 2482 88.
1089 2419 1122 2477 Ν
1135 2416 1209 2481 760.
1232 2417 1263 2478 Ρ
1282 2416 1357 2481 221.
1381 2438 1403 2478 α
1425 2417 1499 2483 261.

332 2515 351 2578 λ
376 2520 447 2585 100.
470 2541 500 2580 π
522 2519 596 2585 289.
620 2521 684 2585 391
712 2551 750 2572 =
777 2542 802 2606 φ
827 2521 898 2587 161.
923 2530 952 2606 ψ
974 2519 1048 2586 253.
1096 2520 1147 2604 (In
1171 2524 1207 2582 N
1227 2522 1293 2587 760
1317 2515 1418 2609 φοίτα
1441 2519 1503 2585 ἀνὰ

331 2622 519 2707 προμάχους
543 2624 709 2713 διζήμενος
732 2619 766 2689 εί
783 2647 849 2690 που
872 2623 1002 2713 ἐφεύροι
1027 2626 1229 2710 interrogatio
1253 2627 1396 2695 liberiore
1410 2628 1503 2695 modo

333 2737 380 2795 est
401 2734 546 2815 apposita
568 2732 612 2798 ad
636 2730 810 2820 διζήμενος,
840 2754 903 2798 non
926 2739 972 2799 est
999 2735 1040 2799 ab
1063 2754 1100 2799 eo
1123 2753 1281 2817 suspensa.
1328 2734 1373 2800 of.
1396 2737 1428 2800 Δ
1451 2737 1503 2803 88.

261 2897 264 2902 ,
332 2837 465 2903 Interest
493 2837 589 2921 igitur
618 2838 699 2905 inter
728 2859 818 2904 usum
840 2839 1052 2906 Herodotcum
1080 2846 1111 2906 et
1133 2840 1343 2926 Homericum,
1372 2846 1406 2906 ut
1435 2841 1503 2906 imi-

332 2943 408 3008 tatio
431 2944 525 3009 statui
548 2951 691 3027 nequeat.
735 2946 939 3012 Prdetereae
961 2966 1089 3012 numero
1111 2953 1143 3013 et
1157 2947 1278 3012 ratione
1293 2948 1503 3031 exemplorum

332 3049 470 3115 dilucide
502 3058 634 3136 apparet
664 3052 812 3118 Nostrum
841 3052 900 3119 hoc
928 3055 1023 3119 uerbo
1053 3073 1143 3118 usum
1174 3073 1242 3119 esse
1278 3054 1409 3137 uolgari.
1455 3053 1501 3121 01.

332 3156 480 3224 Heraclit.
504 3163 554 3242 apt
576 3159 656 3227 Plut.
679 3160 757 3225 Mor.
770 3180 799 3244 p.
817 3161 901 3226 1118
918 3159 951 3227 0.
975 3160 1094 3247 (Attici,
1116 3166 1241 3245 praeter
1263 3160 1377 3227 Aeech.
1395 3161 1502 3245 Suppl.

333 3264 408 3347 784,
430 3264 554 3329 nonnisi
577 3267 764 3332 recentiores
778 3271 935 3351 usurpant
958 3266 1160 3351 Herodotum,
1182 3266 1244 3333 nisi
1257 3268 1356 3351 fallor,
1379 3267 1502 3351 imitati,

332 3376 366 3435 ut
387 3369 461 3437 Luc.
485 3371 598 3436 Autrol.
623 3374 672 3438 10.
699 3372 748 3440 15.
773 3372 867 3456 Diog.
891 3373 993 3441 Laert.
1018 3374 1066 3438 IX
1088 3371 1131 3457 5.)
1177 3372 1271 3440 Addo
1295 3369 1500 3459 ἐπιδίζημαι,

332 3476 416 3560 quod
439 3483 524 3543 extat
545 3478 578 3543 in
601 3479 618 3543 Ι
640 3478 693 3546 95.
716 3480 744 3545 V
769 3481 841 3564 106,
864 3478 950 3564 apud
972 3480 1144 3546 Homerum
1166 3500 1228 3546 non
1251 3479 1325 3562 legi.

420 3634 567 3726 ἐγκυρέιο,
613 3640 647 3704 Π
670 3640 712 3705 82
735 3637 793 3704 καί
820 3637 901 3704 τάδε
932 3637 1014 3703 ἀλλα
1037 3634 1278 3725 Αίγυπτίοισίν
1309 3637 1399 3704 ἐστιν
1422 3637 1458 3717 ἐξ
1491 3681 1502 3689 -

332 3740 459 3831 ρημένα,
496 3739 570 3826 μείς
604 3767 641 3809 τε
669 3743 727 3810 καί
758 3743 858 3833 ήμέρη
890 3740 1011 3835 ἑκάστη
1044 3751 1123 3810 θεῶν
1155 3744 1227 3810 δ’τευ
1259 3740 1339 3826 ἐστί,
1373 3743 1429 3810 καί
1461 3749 1503 3834 τῇ

303 3877 306 3883 ·
332 3847 470 3926 ἕκαστος
491 3848 591 3939 ήμέρη
614 3849 778 3936 γενόμενος
800 3850 942 3917 ύτέοισιν
964 3847 1128 3941 ἐγκυρήσει
1151 3850 1207 3917 καί
1224 3851 1306 3929 δ’κιος
1318 3851 1503 3941 τελευτήσει

331 3953 389 4020 καί
404 3955 511 4033 ὁκοῖός
524 3980 577 4035 τις
590 3952 695 4026 ἐσται.
719 3961 768 4024 III
783 3963 824 4026 77
847 3953 959 4024 ἐπείτε
973 3957 1011 4024 δέ
1023 3958 1080 4024 καί
1100 3959 1265 4048 παρήλθον
1278 3957 1312 4037 ἐς
1324 3962 1382 4049 τήν
1396 3958 1501 4048 αύλήν,

333 4059 501 4151 ἐνέκυρσαν
514 4067 604 4129 τοῖσι
619 4066 681 4141 τὰς
695 4061 847 4151 ἀγγελίας
861 4062 1046 4154 ἐςφέρουσιν
1061 4064 1261 4148 εύνούχοισιν.
1286 4068 1329 4133 IV
1342 4068 1405 4133 125
1416 4065 1502 4131 ἐλαύ-

332 4193 392 4232 νιον
417 4169 457 4258 δή
478 4171 536 4259 τήν
557 4165 712 4260 ταχίστην
733 4168 791 4238 τὸν
815 4169 953 4259 στρατὸν
977 4173 1020 4249 ὡς
1043 4171 1076 4250 ἐς
1098 4173 1156 4260 τήν
1170 4174 1328 4262 Σκυθικήν
1351 4168 1500 4252 ἀπίκετο,
1576 4210 1580 4213 -

333 4272 574 4363 ἐνεκύρησεν
606 4277 810 4367 ἀμφοτέρῃσι
841 4283 919 4367 τῇσι
949 4275 1083 4368 μοίρησι
1114 4288 1177 4345 τῶν
1205 4278 1360 4360 Σκυθέων,
1394 4278 1503 4345 ἐντυ-

331 4380 408 4461 χὼν
432 4380 469 4446 δέ
492 4378 624 4448 ἐδίωκεν
646 4383 890 4474 ὑπεκφέροντας
913 4385 1030 4475 ἡμέρης
1053 4386 1129 4473 ὁδῷ.
1177 4387 1222 4454 of.
1236 4389 1297 4454 VII
1312 4389 1386 4455 218.
1424 4388 1502 4453 Cum

332 4490 477 4572 genetiuo
502 4485 634 4578 ἀλογίης
654 4493 715 4558 VII
738 4495 802 4560 208
834 4494 989 4579 (similiter
1018 4504 1075 4580 της
1097 4494 1234 4583 γεφύρης
1256 4492 1436 4575 ἐντυχόντες
1458 4495 1502 4560 IV

336 4597 407 4675 140,
440 4596 492 4661 ubi
524 4597 599 4663 uide
630 4598 821 4684 interprett.).
880 4602 917 4665 In
949 4599 1051 4666 Iliade
1081 4601 1179 4666 semel
1210 4601 1324 4684 legitur
1356 4598 1502 4688 ἐνέκυρσε
