3492 5358
774 434 997 498 ...60-

299 644 400 708 forma
433 649 479 708 ost
509 664 674 728 perrorara
713 641 783 731 (sed
815 645 852 710 of.
885 644 979 729 Soph.
1003 645 1051 712 Αἱ.
1085 647 1178 718 1037.
1237 640 1339 730 Apoll.
1370 646 1470 712 Rhod.

299 751 349 815 III
373 750 447 816 583.
471 748 635 836 (Maneth.)
648 751 693 816 VI
715 750 803 837 401),
827 752 952 835 saepius
974 757 1078 817 autem
1093 750 1321 840 μεμηχάνημαι
1342 753 1469 837 passiuo

299 876 392 922 sensu
423 858 557 940 positum
586 862 640 922 est.
687 856 731 924 of.
756 858 783 923 V
811 859 863 923 90.
908 857 1004 941 Soph.
1034 857 1149 923 Trooh.
1180 859 1255 925 586.
1300 859 1380 924 Xon.
1410 859 1469 926 An.

298 963 342 1027 IV
366 966 395 1047 7,
421 965 469 1029 10.
517 962 796 1048 oyr.V1113,1.
834 966 864 1044 8,
892 966 941 1030 18.
985 965 1066 1029 PIat.
1088 964 1186 1048 Legg.
1210 965 1271 1030 VII
1293 986 1323 1049 p.
1347 967 1411 1032 803
1436 967 1470 1032 0.

298 1069 378 1136 Tim.
402 1090 432 1153 p.
456 1069 499 1134 54
522 1071 557 1136 Β.
604 1054 696 1135 Isoor.
720 1071 770 1135 III
793 1072 822 1134 6.
868 1071 958 1137 Dem.
981 1071 1077 1135 XXII
1101 1071 1152 1175 35ο
1168 1075 1238 1136 oett

388 1240 552 1335 πημαίνει.
606 1247 654 1311 IX
678 1248 718 1310 13
752 1242 824 1310 odius
859 1243 1036 1333 ἐπήμαινεν
1068 1242 1140 1310 σ’ίτε
1171 1241 1296 1310 ἐσίνετο
1327 1258 1382 1334 γῆν
1413 1245 1470 1332 τὴν

295 1344 459 1438 Ἀττικήν.
497 1352 542 1419 Of.
566 1355 598 1414 Γ
617 1353 690 1419 299.
718 1353 820 1417 042.
843 1352 875 1415 Ω
898 1354 972 1419 781.
996 1356 1015 1415 0
1037 1353 1112 1421 563.
1136 1350 1155 1429 ξ
1175 1352 1250 1418 255.
1286 1353 1400 1417 Rarius
1424 1359 1471 1418 est

298 1460 427 1524 uerbum
460 1465 491 1525 et
522 1458 698 1543 antiquum,
730 1459 886 1543 poetieum
915 1479 977 1524 non
1006 1465 1061 1524 est.
1108 1458 1153 1525 of.
1184 1460 1264 1526 PIat.
1286 1461 1363 1543 Rep.
1386 1461 1419 1524 Π
1440 1481 1470 1544 p.

299 1567 365 1631 364
388 1566 422 1632 0.
467 1566 565 1648 Legg.
595 1566 643 1630 IX
674 1586 705 1649 p.
735 1567 800 1631 862
823 1566 861 1633 Α.
897 1567 945 1631 XI
983 1587 1012 1650 p.
1037 1567 1101 1631 932
1125 1565 1159 1632 Ε.
1206 1567 1271 1631 933
1295 1566 1330 1630 Ε.
1376 1565 1469 1630 Arist.

298 1672 399 1738 Probl.
431 1673 540 1737 XXXI
572 1672 593 1737 5
622 1692 652 1755 p.
684 1672 747 1739 957
779 1673 806 1736 Β
838 1673 896 1757 24,
934 1672 972 1738 of.
1004 1672 1046 1737 28
1078 1672 1179 1738 Bekk.
1231 1672 1337 1737 Potest
1373 1671 1468 1737 etiam

298 1777 437 1860 quadam
459 1779 590 1844 solemni
612 1779 745 1843 formula
768 1798 840 1843 usus
863 1798 932 1844 esse
955 1777 1139 1845 Herodotus.
1186 1777 1232 1844 of.
1256 1774 1315 1842 ἐπὶ
1337 1780 1466 1864 πημονῇ

298 1885 331 1949 in
353 1884 451 1949 literis
473 1884 651 1969 pactionum
675 1905 725 1970 ap.
748 1886 845 1951 Thuo.
869 1886 896 1951 V
921 1886 1047 1953 1847.

390 2056 578 2143 σκίδναμαι.
623 2063 701 2128 VIII
724 2064 766 2128 23
791 2062 861 2143 upa
884 2057 964 2150 ἡλίῳ
988 2058 1190 2146 σκιδναμένῳ
1216 2064 1312 2125 πᾶσα
1334 2061 1354 2148 ἡ
1378 2079 1471 2148 στρα-

299 2166 354 2252 τιὴ
378 2164 519 2232 ἐπέπλει
542 2166 621 2253 ἁλὴς
645 2165 705 2233 ἐπὶ
726 2165 764 2233 τὸ
789 2161 1004 2256 Ἀρτεμίσιον.
1050 2170 1133 2253 Apte
1162 2174 1381 2253 comparantur
1410 2168 1470 2234 1οοί

298 2273 407 2355 quales
429 2280 500 2339 sunt
523 2278 562 2337 H
582 2276 646 2340 451
673 2273 747 2339 ὅσον
769 2274 796 2338 τ’
821 2270 1032 2339 ἐπικίδναται
1055 2272 1128 2361 ἠώς,
1156 2276 1185 2338 Θ
1210 2277 1226 2340 1
1259 2277 1312 2357 (--
1337 2274 1368 2337 Ω
1391 2273 1469 2358 695)

295 2371 387 2456 Ἠὼς
408 2378 466 2462 μὲν
487 2377 715 2468 κροκόπεπλος
738 2376 887 2446 ἐκίδνατο
908 2383 1022 2445 πᾶσαν
1045 2378 1097 2444 ἐπ’
1117 2371 1201 2458 αἶαν,
1231 2383 1264 2443 Ψ
1274 2383 1338 2446 227
1363 2376 1472 2467 κροκό-
1494 2390 1497 2395 ’

298 2485 428 2564 πεπλος
450 2485 547 2574 δπείρ
575 2485 639 2550 dtu
668 2482 818 2552 κίδναται
847 2485 927 2575 ἠώς,
958 2488 1105 2573 AesohyI.
1128 2489 1212 2554 Pers.
1236 2488 1302 2554 500
1324 2506 1369 2569 sq.
1392 2482 1472 2573 πρὶν

300 2594 516 2681 σκεδασθῆναι
539 2600 614 2658 θεοῦ
637 2592 780 2671 ἀκτῖνας.
827 2593 891 2659 Sed
919 2594 954 2659 in
984 2594 1034 2660 his
1065 2594 1144 2659 nihil
1173 2594 1244 2658 miri
1273 2593 1368 2672 inest,
1397 2612 1470 2675 quo

298 2702 383 2767 niam
407 2722 425 2767 e
447 2701 598 2786 primaria
620 2701 653 2764 ui
675 2701 763 2766 uerbi
788 2694 983 2764 σκίδνασθαι
1006 2720 1088 2783 quae
1118 2706 1165 2765 est
1197 2699 1265 2765 sioh
1293 2705 1469 2765 zerstreuen

298 2807 392 2873 faoile
414 2806 578 2873 deducitur
601 2826 744 2889 eaquae
767 2813 813 2872 est
835 2807 903 2872 sioh
926 2807 1112 2872 ausbreiten.
1148 2806 1346 2872 Admirabile
1364 2811 1469 2872 autem

299 2912 383 2996 quod
405 2913 581 2979 Herodotus
604 2914 707 2998 posuit
729 2914 841 2997 solem,
865 2913 918 2980 ubi
941 2913 1086 2980 debuIsse
1100 2913 1202 2980 luoem
1223 2912 1470 3001 (SonnensoIrein

299 3020 336 3087 of.
360 3025 428 3085 orta
458 3018 541 3106 luee)
572 3039 688 3105 ponere
718 3019 851 3086 uidetur.
906 3019 1104 3102 Quamquam
1135 3020 1200 3086 seio
1233 3019 1315 3085 hano
1345 3017 1471 3085 dicendi

299 3126 452 3192 rationem
474 3147 532 3192 neo
555 3147 576 3191 a
598 3133 701 3192 nostro
724 3147 782 3192 usu
814 3148 872 3193 neo
895 3147 915 3191 a
939 3128 1059 3194 Graeoo
1082 3126 1258 3192 abhorrere.
1305 3125 1350 3193 Of.
1373 3125 1470 3192 Thuo.

298 3233 359 3298 VII
382 3233 433 3299 87.
457 3232 550 3299 Arist.
573 3234 652 3299 Hist.
676 3235 735 3301 An.
758 3234 836 3299 VIII
860 3237 889 3300 7.
920 3234 1076 3317 Theophr.
1101 3233 1142 3299 de
1163 3234 1243 3316 sign.
1267 3233 1284 3297 I
1306 3234 1358 3298 22.
1390 3232 1469 3298 Plut

298 3339 390 3406 Alea
417 3340 466 3406 14.
506 3339 580 3406 Luo.
604 3340 686 3405 Nau.
709 3340 762 3405 35.
798 3341 935 3407 Hermot.
959 3340 1011 3407 25.
1046 3340 1114 3405 Ael.
1137 3340 1215 3406 HIst.
1239 3339 1298 3404 Au.
1320 3337 1396 3404 XVI
1421 3340 1470 3404 17.

298 3448 377 3512 Puto
407 3451 512 3512 autem
534 3445 727 3511 Herodotum
759 3467 820 3512 non
850 3466 998 3511 ausurum
1027 3446 1122 3511 fuisse
1153 3445 1345 3512 eonformare
1374 3445 1470 3510 talem

301 3553 481 3635 orationem,
504 3552 566 3617 nisi
588 3559 644 3617 aut
667 3549 840 3618 σκίδναται
863 3550 928 3640 ἠώς
951 3553 1113 3618 etiamtum
1137 3551 1222 3636 apud
1236 3553 1328 3617 Iones
1341 3551 1470 3634 uolgare

298 3660 406 3726 suisset
428 3664 482 3724 aut
510 3659 613 3743 ipsum
642 3659 721 3724 illud
750 3657 839 3747 ἥλιος
869 3655 1043 3724 σκίδναται
1071 3659 1245 3743 posuissent
1274 3658 1308 3723 iu
1329 3676 1470 3723 sermone

298 3765 465 3832 ootidiano.
515 3765 653 3831 Uerbum
682 3766 766 3831 enim
797 3760 992 3830 σκίδνασθαι
1022 3766 1090 3831 sine
1120 3764 1215 3831 dubio
1244 3764 1303 3830 fuit
1332 3764 1469 3847 uolgare.

299 3872 344 3939 (If.
376 3871 523 3956 Hippoor.
558 3892 588 3955 p.
616 3871 697 3956 305,
733 3874 785 3938 36.
831 3874 912 3956 306,
935 3875 965 3938 3.
1010 3873 1092 3956 408,
1124 3873 1176 3938 44.
1222 3871 1304 3950 454,
1335 3869 1387 3935 25.
1418 3869 1470 3935 54.

299 3978 373 4062 558,
398 3979 450 4045 21.

388 4156 404 4192 *
428 4158 570 4245 σκοπιὴν
592 4152 662 4239 istro.
710 4160 736 4225 V
762 4161 802 4224 13
829 4171 982 4246 παρῆσαν
1011 4152 1043 4223 οὶ
1073 4155 1226 4246 ἀδελφεοί
1250 4156 1348 4245 αὐτῆς
1373 4155 1409 4221 ott
1430 4180 1472 4244 κῃ

299 4260 414 4350 πρόσω
459 4266 600 4352 σκοπιὴν
645 4259 769 4345 ἐλιοντες
812 4265 942 4330 τούτων.
1020 4265 1131 4330 sternii
1174 4271 1259 4330 suut:
1307 4262 1471 4349 ,σκοπιὴν

300 4363 422 4448 ἔχοντες
444 4370 520 4454 „dor
541 4372 649 4437 Warto
671 4371 846 4457 pflegend“‚
878 4371 1093 4456 „belauernd“‚
1123 4369 1357 4458 φυλάσσοντες,
1388 4369 1470 4435 naoh

299 4475 356 4541 Od.
381 4482 400 4539 0
423 4479 488 4542 302
512 4474 620 4564 ἠέλιος
643 4479 704 4565 γάρ
726 4471 759 4542 οἱ
782 4477 924 4563 σκοπιὴν
947 4472 1029 4558 ἐλαί(
1075 4476 1206 4563 Saeua>
1229 4497 1266 4543 eo
1295 4497 1387 4543 sensu
1417 4476 1471 4559 qui

299 4588 346 4648 est
371 4615 410 4635 =
435 4584 606 4667 speculatio
630 4583 801 4650 admodum
831 4605 936 4650 rarum
966 4604 1043 4650 saue
1074 4585 1261 4650 uooabulum
1290 4581 1342 4671 (of.
1365 4589 1470 4649 tamen
