<?xml version="1.0" encoding="UTF-8"?>
<!DOCTYPE html PUBLIC "-//W3C//DTD XHTML 1.0 Transitional//EN"
    "http://www.w3.org/TR/xhtml1/DTD/xhtml1-transitional.dtd">
<html xmlns="http://www.w3.org/1999/xhtml" xml:lang="en" lang="en">
 <head>
  <title>
</title>
<meta http-equiv="Content-Type" content="text/html;charset=utf-8" />
  <meta name='ocr-system' content='tesseract 3.04.00' />
  <meta name='ocr-capabilities' content='ocr_page ocr_carea ocr_par ocr_line ocrx_word'/>
</head>
<body>
  <div class='ocr_page' id='page_1' title='image "./deuocabulisquae00frgoog_0068.png"; bbox 0 0 3492 5358; ppageno 0'>
   <div class='ocr_carea' id='block_1_1' title="bbox 752 432 977 538">
    <p class='ocr_par' dir='ltr' id='par_1_1' title="bbox 752 432 977 538">
     <span class='ocr_line' id='line_1_1' title="bbox 752 432 977 538; baseline -0.009 -16"><span class='ocrx_word' id='word_1_1' title='bbox 752 432 803 522; x_wconf 36' lang='lat'>..¹</span> <span class='ocrx_word' id='word_1_2' title='bbox 844 472 885 538; x_wconf 84' lang='lat'>59</span> <span class='ocrx_word' id='word_1_3' title='bbox 931 511 977 520; x_wconf 81' lang='grc'><strong>-.</strong></span> 
     </span>
    </p>
   </div>
   <div class='ocr_carea' id='block_1_2' title="bbox 191 679 1454 2154">
    <p class='ocr_par' dir='ltr' id='par_1_2' title="bbox 191 679 1454 2154">
     <span class='ocr_line' id='line_1_2' title="bbox 368 679 1452 773; baseline 0 -25"><span class='ocrx_word' id='word_1_4' title='bbox 368 679 505 773; x_wconf 88' lang='grc' dir='ltr'><strong><em>μετίημί</em></strong></span> <span class='ocrx_word' id='word_1_5' title='bbox 525 708 621 761; x_wconf 86' lang='grc' dir='ltr'><strong><em>τινος.</em></strong></span> <span class='ocrx_word' id='word_1_6' title='bbox 668 685 716 751; x_wconf 88' lang='lat' dir='ltr'>IX</span> <span class='ocrx_word' id='word_1_7' title='bbox 734 687 777 751; x_wconf 85' lang='lat'>33</span> <span class='ocrx_word' id='word_1_8' title='bbox 802 687 1012 772; x_wconf 74' lang='grc' dir='ltr'><strong><em>Σπαρτιῆται</em></strong></span> <span class='ocrx_word' id='word_1_9' title='bbox 1034 692 1152 772; x_wconf 83' lang='grc' dir='ltr'><strong><em>πρῶτα</em></strong></span> <span class='ocrx_word' id='word_1_10' title='bbox 1173 681 1232 766; x_wconf 78' lang='grc' dir='ltr'>μέν</span> <span class='ocrx_word' id='word_1_11' title='bbox 1259 683 1452 760; x_wconf 81' lang='grc' dir='ltr'><strong><em>ἀκούσαντες</em></strong></span> 
     </span>
     <span class='ocr_line' id='line_1_3' title="bbox 280 785 1453 880; baseline -0.003 -23"><span class='ocrx_word' id='word_1_12' title='bbox 280 793 370 858; x_wconf 80' lang='grc' dir='ltr'><strong><em>δεινὰ</em></strong></span> <span class='ocrx_word' id='word_1_13' title='bbox 393 787 523 857; x_wconf 81' lang='grc' dir='ltr'><strong><em>ἐποίεον</em></strong></span> <span class='ocrx_word' id='word_1_14' title='bbox 550 814 588 856; x_wconf 86' lang='grc' dir='ltr'><strong><em>τε</em></strong></span> <span class='ocrx_word' id='word_1_15' title='bbox 616 789 674 855; x_wconf 85' lang='grc' dir='ltr'>καί</span> <span class='ocrx_word' id='word_1_16' title='bbox 702 785 857 873; x_wconf 77' lang='grc' dir='ltr'><strong><em>μετίεσαν</em></strong></span> <span class='ocrx_word' id='word_1_17' title='bbox 891 801 948 877; x_wconf 82' lang='grc' dir='ltr'><strong><em>της</em></strong></span> <span class='ocrx_word' id='word_1_18' title='bbox 975 791 1195 880; x_wconf 78' lang='grc' dir='ltr'><em>χρησμοσύνης</em></span> <span class='ocrx_word' id='word_1_19' title='bbox 1223 791 1263 856; x_wconf 90' lang='grc' dir='ltr'><strong><em>τὸ</em></strong></span> <span class='ocrx_word' id='word_1_20' title='bbox 1290 789 1453 878; x_wconf 80' lang='grc' dir='ltr'><strong><em>παράπαν</em></strong></span> 
     </span>
     <span class='ocr_line' id='line_1_4' title="bbox 280 897 1453 984; baseline -0.003 -18"><span class='ocrx_word' id='word_1_21' title='bbox 280 899 425 984; x_wconf 84' lang='lat' dir='ltr'>(standon</span> <span class='ocrx_word' id='word_1_22' title='bbox 447 897 594 981; x_wconf 80' lang='lat' dir='ltr'>gituzlioh</span> <span class='ocrx_word' id='word_1_23' title='bbox 615 918 677 964; x_wconf 84' lang='lat' dir='ltr'>von</span> <span class='ocrx_word' id='word_1_24' title='bbox 700 897 801 963; x_wconf 91' lang='lat' dir='ltr'>ihrem</span> <span class='ocrx_word' id='word_1_25' title='bbox 823 898 988 980; x_wconf 84' lang='lat' dir='ltr'>Begehren</span> <span class='ocrx_word' id='word_1_26' title='bbox 1011 898 1074 982; x_wconf 83' lang='lat' dir='ltr'>ab).</span> <span class='ocrx_word' id='word_1_27' title='bbox 1118 898 1239 981; x_wconf 81' lang='lat' dir='ltr'>Negari</span> <span class='ocrx_word' id='word_1_28' title='bbox 1261 918 1322 963; x_wconf 88' lang='lat' dir='ltr'>non</span> <span class='ocrx_word' id='word_1_29' title='bbox 1351 903 1453 982; x_wconf 91' lang='lat' dir='ltr'>potest</span> 
     </span>
     <span class='ocr_line' id='line_1_5' title="bbox 279 999 1453 1090; baseline -0.002 -18"><span class='ocrx_word' id='word_1_30' title='bbox 279 1007 378 1072; x_wconf 88' lang='lat' dir='ltr'>solere</span> <span class='ocrx_word' id='word_1_31' title='bbox 392 1005 584 1072; x_wconf 89' lang='lat' dir='ltr'>Herodotum</span> <span class='ocrx_word' id='word_1_32' title='bbox 606 1005 671 1070; x_wconf 89' lang='lat' dir='ltr'>fere</span> <span class='ocrx_word' id='word_1_33' title='bbox 694 1024 809 1089; x_wconf 88' lang='lat' dir='ltr'>ponere</span> <span class='ocrx_word' id='word_1_34' title='bbox 829 1006 1044 1069; x_wconf 86' lang='lat' dir='ltr'>aoousatiuum</span> <span class='ocrx_word' id='word_1_35' title='bbox 1056 1003 1145 1069; x_wconf 86' lang='lat' dir='ltr'>iuxta</span> <span class='ocrx_word' id='word_1_36' title='bbox 1157 999 1309 1090; x_wconf 79' lang='grc' dir='ltr'><strong><em>μετίημι,</em></strong></span> <span class='ocrx_word' id='word_1_37' title='bbox 1333 1003 1391 1070; x_wconf 88' lang='lat' dir='ltr'>sed</span> <span class='ocrx_word' id='word_1_38' title='bbox 1413 1024 1453 1069; x_wconf 84' lang='lat' dir='ltr'>ee</span> 
     </span>
     <span class='ocr_line' id='line_1_6' title="bbox 281 1110 1452 1197; baseline -0.003 -19"><span class='ocrx_word' id='word_1_39' title='bbox 281 1132 403 1197; x_wconf 83' lang='lat' dir='ltr'><strong>semper</strong></span> <span class='ocrx_word' id='word_1_40' title='bbox 426 1112 458 1177; x_wconf 91' lang='lat' dir='ltr'>ui</span> <span class='ocrx_word' id='word_1_41' title='bbox 481 1131 563 1194; x_wconf 88' lang='lat' dir='ltr'>quae</span> <span class='ocrx_word' id='word_1_42' title='bbox 587 1117 634 1177; x_wconf 90' lang='lat' dir='ltr'>est</span> <span class='ocrx_word' id='word_1_43' title='bbox 654 1111 744 1177; x_wconf 88' lang='lat' dir='ltr'>uerbi</span> <span class='ocrx_word' id='word_1_44' title='bbox 765 1110 893 1195; x_wconf 84' lang='lat' dir='ltr'>propria</span> <span class='ocrx_word' id='word_1_45' title='bbox 907 1122 950 1167; x_wconf 58' lang='grc' dir='ltr'>ι*</span> <span class='ocrx_word' id='word_1_46' title='bbox 965 1110 1094 1195; x_wconf 88' lang='lat' dir='ltr'>mittere,</span> <span class='ocrx_word' id='word_1_47' title='bbox 1119 1110 1283 1195; x_wconf 74' lang='lat' dir='ltr'>dimittere,</span> <span class='ocrx_word' id='word_1_48' title='bbox 1302 1111 1452 1195; x_wconf 83' lang='lat' dir='ltr'>omittere,</span> 
     </span>
     <span class='ocr_line' id='line_1_7' title="bbox 280 1204 1453 1304; baseline -0.003 -20"><span class='ocrx_word' id='word_1_49' title='bbox 280 1218 450 1303; x_wconf 80' lang='lat' dir='ltr'>deponere:</span> <span class='ocrx_word' id='word_1_50' title='bbox 485 1204 595 1300; x_wconf 73' lang='lat' dir='ltr'>itaque&#39;</span> <span class='ocrx_word' id='word_1_51' title='bbox 620 1215 839 1304; x_wconf 83' lang='grc' dir='ltr'><strong><em>χρησμοσύνην</em></strong></span> <span class='ocrx_word' id='word_1_52' title='bbox 867 1213 1014 1297; x_wconf 80' lang='grc' dir='ltr'><strong><em>μετιέναι</em></strong></span> <span class='ocrx_word' id='word_1_53' title='bbox 1046 1217 1151 1282; x_wconf 81' lang='lat' dir='ltr'>neseio</span> <span class='ocrx_word' id='word_1_54' title='bbox 1181 1237 1224 1282; x_wconf 85' lang='lat' dir='ltr'>an</span> <span class='ocrx_word' id='word_1_55' title='bbox 1255 1217 1320 1283; x_wconf 86' lang='lat' dir='ltr'>diei</span> <span class='ocrx_word' id='word_1_56' title='bbox 1350 1217 1453 1282; x_wconf 89' lang='lat' dir='ltr'>minus</span> 
     </span>
     <span class='ocr_line' id='line_1_8' title="bbox 279 1322 1454 1411; baseline -0.004 -19"><span class='ocrx_word' id='word_1_57' title='bbox 279 1332 353 1411; x_wconf 84' lang='lat' dir='ltr'>apte</span> <span class='ocrx_word' id='word_1_58' title='bbox 375 1325 516 1409; x_wconf 85' lang='lat' dir='ltr'>potuerit.</span> <span class='ocrx_word' id='word_1_59' title='bbox 552 1324 706 1390; x_wconf 80' lang='lat' dir='ltr'>Homerus</span> <span class='ocrx_word' id='word_1_60' title='bbox 728 1343 805 1390; x_wconf 83' lang='lat' dir='ltr'>sene</span> <span class='ocrx_word' id='word_1_61' title='bbox 828 1322 1000 1388; x_wconf 84' lang='lat' dir='ltr'>admodum</span> <span class='ocrx_word' id='word_1_62' title='bbox 1022 1343 1118 1407; x_wconf 83' lang='lat' dir='ltr'>saepe</span> <span class='ocrx_word' id='word_1_63' title='bbox 1140 1325 1270 1390; x_wconf 87' lang='lat' dir='ltr'>uerbum</span> <span class='ocrx_word' id='word_1_64' title='bbox 1293 1323 1454 1407; x_wconf 85' lang='lat' dir='ltr'>ooniungit</span> 
     </span>
     <span class='ocr_line' id='line_1_9' title="bbox 279 1424 1450 1517; baseline -0.006 -19"><span class='ocrx_word' id='word_1_65' title='bbox 279 1452 351 1498; x_wconf 77' lang='lat' dir='ltr'>eum</span> <span class='ocrx_word' id='word_1_66' title='bbox 373 1431 535 1514; x_wconf 80' lang='lat' dir='ltr'>genetiuo,</span> <span class='ocrx_word' id='word_1_67' title='bbox 558 1431 656 1495; x_wconf 82' lang='lat' dir='ltr'>ueluti</span> <span class='ocrx_word' id='word_1_68' title='bbox 677 1426 838 1512; x_wconf 82' lang='grc' dir='ltr'><strong><em>πολέμοιο</em></strong></span> <span class='ocrx_word' id='word_1_69' title='bbox 868 1431 914 1517; x_wconf 84' lang='grc' dir='ltr'>(Δ</span> <span class='ocrx_word' id='word_1_70' title='bbox 936 1431 1009 1497; x_wconf 87' lang='grc'><strong>240.</strong></span> <span class='ocrx_word' id='word_1_71' title='bbox 1048 1434 1084 1492; x_wconf 92' lang='grc' dir='ltr'><strong><em>Ν</em></strong></span> <span class='ocrx_word' id='word_1_72' title='bbox 1104 1431 1177 1516; x_wconf 90' lang='grc'>97),</span> <span class='ocrx_word' id='word_1_73' title='bbox 1207 1427 1314 1517; x_wconf 74' lang='grc' dir='ltr'><strong><em>ἀλκῆς,</em></strong></span> <span class='ocrx_word' id='word_1_74' title='bbox 1338 1424 1450 1517; x_wconf 88' lang='grc' dir='ltr'><strong><em>μάχης,</em></strong></span> 
     </span>
     <span class='ocr_line' id='line_1_10' title="bbox 279 1532 1453 1626; baseline -0.001 -25"><span class='ocrx_word' id='word_1_75' title='bbox 279 1532 353 1624; x_wconf 81' lang='grc' dir='ltr'><strong><em>βίης</em></strong></span> <span class='ocrx_word' id='word_1_76' title='bbox 375 1538 422 1626; x_wconf 79' lang='grc' dir='ltr'>(Φ</span> <span class='ocrx_word' id='word_1_77' title='bbox 447 1540 520 1603; x_wconf 93' lang='grc'><strong>177.</strong></span> <span class='ocrx_word' id='word_1_78' title='bbox 544 1559 569 1618; x_wconf 85' lang='grc' dir='ltr'>φ</span> <span class='ocrx_word' id='word_1_79' title='bbox 594 1537 687 1622; x_wconf 91' lang='grc'>126),</span> <span class='ocrx_word' id='word_1_80' title='bbox 708 1534 818 1616; x_wconf 85' lang='grc' dir='ltr'><strong><em>χόλοιο</em></strong></span> <span class='ocrx_word' id='word_1_81' title='bbox 841 1536 886 1624; x_wconf 64' lang='lat' dir='ltr'>(q)</span> <span class='ocrx_word' id='word_1_82' title='bbox 903 1538 978 1616; x_wconf 88' lang='grc'>377,</span> <span class='ocrx_word' id='word_1_83' title='bbox 1004 1536 1043 1602; x_wconf 83' lang='grc' dir='ltr'>ολ</span> <span class='ocrx_word' id='word_1_84' title='bbox 1064 1534 1159 1615; x_wconf 82' lang='grc' dir='ltr'><strong><em>χόλον</em></strong></span> <span class='ocrx_word' id='word_1_85' title='bbox 1180 1538 1221 1598; x_wconf 89' lang='grc' dir='ltr'><em>Α</em></span> <span class='ocrx_word' id='word_1_86' title='bbox 1243 1537 1317 1603; x_wconf 87' lang='grc'><strong>283.</strong></span> <span class='ocrx_word' id='word_1_87' title='bbox 1341 1559 1363 1598; x_wconf 91' lang='grc' dir='ltr'><strong><em>α</em></strong></span> <span class='ocrx_word' id='word_1_88' title='bbox 1387 1535 1453 1620; x_wconf 92' lang='grc'>78),</span> 
     </span>
     <span class='ocr_line' id='line_1_11' title="bbox 281 1641 1452 1729; baseline -0.003 -20"><span class='ocrx_word' id='word_1_89' title='bbox 281 1650 375 1726; x_wconf 88' lang='lat' dir='ltr'>atque</span> <span class='ocrx_word' id='word_1_90' title='bbox 398 1643 494 1709; x_wconf 86' lang='lat' dir='ltr'>etiam</span> <span class='ocrx_word' id='word_1_91' title='bbox 515 1642 702 1709; x_wconf 87' lang='lat' dir='ltr'>infinitiuum</span> <span class='ocrx_word' id='word_1_92' title='bbox 727 1643 777 1728; x_wconf 85' lang='lat' dir='ltr'>(N</span> <span class='ocrx_word' id='word_1_93' title='bbox 787 1642 866 1726; x_wconf 84' lang='lat'>234)</span> <span class='ocrx_word' id='word_1_94' title='bbox 890 1649 921 1709; x_wconf 92' lang='lat' dir='ltr'>et</span> <span class='ocrx_word' id='word_1_95' title='bbox 942 1643 1143 1728; x_wconf 78' lang='lat' dir='ltr'>participium</span> <span class='ocrx_word' id='word_1_96' title='bbox 1166 1643 1210 1723; x_wconf 81' lang='grc' dir='ltr'>(Ω</span> <span class='ocrx_word' id='word_1_97' title='bbox 1229 1641 1287 1729; x_wconf 89' lang='grc'>48)</span> <span class='ocrx_word' id='word_1_98' title='bbox 1310 1642 1452 1727; x_wconf 88' lang='lat' dir='ltr'>apponit:</span> 
     </span>
     <span class='ocr_line' id='line_1_12' title="bbox 191 1736 1452 1842; baseline 0.001 -28"><span class='ocrx_word' id='word_1_99' title='bbox 191 1836 194 1842; x_wconf 26' lang='grc' dir='ltr'>Ι</span> <span class='ocrx_word' id='word_1_100' title='bbox 280 1756 315 1814; x_wconf 92' lang='lat' dir='ltr'>ut</span> <span class='ocrx_word' id='word_1_101' title='bbox 336 1749 402 1814; x_wconf 91' lang='lat' dir='ltr'>uim</span> <span class='ocrx_word' id='word_1_102' title='bbox 425 1755 456 1815; x_wconf 91' lang='lat' dir='ltr'>et</span> <span class='ocrx_word' id='word_1_103' title='bbox 478 1750 623 1836; x_wconf 81' lang='lat' dir='ltr'>syntaxim</span> <span class='ocrx_word' id='word_1_104' title='bbox 640 1750 770 1815; x_wconf 89' lang='lat' dir='ltr'>uerbum</span> <span class='ocrx_word' id='word_1_105' title='bbox 792 1748 909 1815; x_wconf 85' lang='lat' dir='ltr'>habeat</span> <span class='ocrx_word' id='word_1_106' title='bbox 930 1750 1024 1834; x_wconf 85' lang='lat' dir='ltr'>plane</span> <span class='ocrx_word' id='word_1_107' title='bbox 1039 1748 1172 1815; x_wconf 84' lang='lat' dir='ltr'>eandem</span> <span class='ocrx_word' id='word_1_108' title='bbox 1186 1769 1281 1832; x_wconf 83' lang='lat' dir='ltr'>quam</span> <span class='ocrx_word' id='word_1_109' title='bbox 1294 1736 1452 1830; x_wconf 80' lang='grc' dir='ltr'><strong><em>παύομαι.</em></strong></span> 
     </span>
     <span class='ocr_line' id='line_1_13' title="bbox 281 1854 1454 1941; baseline -0.002 -19"><span class='ocrx_word' id='word_1_110' title='bbox 281 1857 384 1939; x_wconf 81' lang='lat' dir='ltr'>Atque</span> <span class='ocrx_word' id='word_1_111' title='bbox 407 1877 425 1922; x_wconf 95' lang='lat' dir='ltr'>e</span> <span class='ocrx_word' id='word_1_112' title='bbox 448 1855 554 1921; x_wconf 84' lang='lat' dir='ltr'>Nostri</span> <span class='ocrx_word' id='word_1_113' title='bbox 581 1856 650 1922; x_wconf 84' lang='lat' dir='ltr'>loeo</span> <span class='ocrx_word' id='word_1_114' title='bbox 673 1862 747 1941; x_wconf 90' lang='lat' dir='ltr'>puto</span> <span class='ocrx_word' id='word_1_115' title='bbox 769 1856 911 1939; x_wconf 84' lang='lat' dir='ltr'>intellegi</span> <span class='ocrx_word' id='word_1_116' title='bbox 941 1855 1024 1922; x_wconf 88' lang='lat' dir='ltr'>huno</span> <span class='ocrx_word' id='word_1_117' title='bbox 1055 1876 1146 1921; x_wconf 91' lang='lat' dir='ltr'>usum</span> <span class='ocrx_word' id='word_1_118' title='bbox 1167 1854 1319 1922; x_wconf 87' lang='lat' dir='ltr'>Herodoti</span> <span class='ocrx_word' id='word_1_119' title='bbox 1349 1861 1454 1921; x_wconf 83' lang='lat' dir='ltr'>aetate</span> 
     </span>
     <span class='ocr_line' id='line_1_14' title="bbox 281 1946 1453 2046; baseline -0.003 -18"><span class='ocrx_word' id='word_1_120' title='bbox 281 1962 420 2028; x_wconf 90' lang='lat' dir='ltr'>nondum</span> <span class='ocrx_word' id='word_1_121' title='bbox 442 1946 537 2046; x_wconf 86' lang='lat' dir='ltr'>plane</span> <span class='ocrx_word' id='word_1_122' title='bbox 566 1962 661 2028; x_wconf 87' lang='lat' dir='ltr'>fuisse</span> <span class='ocrx_word' id='word_1_123' title='bbox 691 1963 876 2027; x_wconf 91' lang='lat' dir='ltr'>obsoletum:</span> <span class='ocrx_word' id='word_1_124' title='bbox 908 1983 983 2027; x_wconf 83' lang='lat' dir='ltr'>nam</span> <span class='ocrx_word' id='word_1_125' title='bbox 1015 1962 1149 2028; x_wconf 87' lang='lat' dir='ltr'>imitatio</span> <span class='ocrx_word' id='word_1_126' title='bbox 1181 1981 1276 2044; x_wconf 84' lang='lat' dir='ltr'>quam</span> <span class='ocrx_word' id='word_1_127' title='bbox 1307 1967 1453 2046; x_wconf 69' lang='lat' dir='ltr'>statuunt</span> 
     </span>
     <span class='ocr_line' id='line_1_15' title="bbox 283 2068 814 2154; baseline -0.004 -18"><span class='ocrx_word' id='word_1_128' title='bbox 283 2090 324 2136; x_wconf 88' lang='lat' dir='ltr'>ne</span> <span class='ocrx_word' id='word_1_129' title='bbox 346 2090 386 2135; x_wconf 83' lang='lat' dir='ltr'>ea</span> <span class='ocrx_word' id='word_1_130' title='bbox 408 2068 536 2152; x_wconf 88' lang='lat' dir='ltr'>quidem</span> <span class='ocrx_word' id='word_1_131' title='bbox 558 2069 636 2134; x_wconf 91' lang='lat' dir='ltr'>mihi</span> <span class='ocrx_word' id='word_1_132' title='bbox 658 2070 814 2154; x_wconf 88' lang='lat' dir='ltr'>probatur.</span> 
     </span>
    </p>
   </div>
   <div class='ocr_carea' id='block_1_3' title="bbox 281 2226 1456 4233">
    <p class='ocr_par' dir='ltr' id='par_1_3' title="bbox 281 2226 1456 4233">
     <span class='ocr_line' id='line_1_16' title="bbox 369 2226 1454 2317; baseline -0.001 -25"><span class='ocrx_word' id='word_1_133' title='bbox 369 2226 575 2316; x_wconf 89' lang='grc' dir='ltr'><strong><em>μηχανάομαι</em></strong></span> <span class='ocrx_word' id='word_1_134' title='bbox 607 2260 650 2282; x_wconf 88' lang='lat'>=-</span> <span class='ocrx_word' id='word_1_135' title='bbox 676 2228 802 2312; x_wconf 85' lang='lat' dir='ltr'>molior,</span> <span class='ocrx_word' id='word_1_136' title='bbox 833 2247 926 2313; x_wconf 82' lang='lat' dir='ltr'>pare,</span> <span class='ocrx_word' id='word_1_137' title='bbox 958 2233 1050 2296; x_wconf 85' lang='lat' dir='ltr'>struo.</span> <span class='ocrx_word' id='word_1_138' title='bbox 1096 2228 1113 2293; x_wconf 97' lang='lat' dir='ltr'>I</span> <span class='ocrx_word' id='word_1_139' title='bbox 1138 2230 1200 2295; x_wconf 89' lang='lat'>123</span> <span class='ocrx_word' id='word_1_140' title='bbox 1234 2227 1331 2313; x_wconf 84' lang='grc' dir='ltr'><strong><em>λαγὸν</em></strong></span> <span class='ocrx_word' id='word_1_141' title='bbox 1356 2251 1454 2317; x_wconf 87' lang='grc' dir='ltr'><strong><em>μηχα-</em></strong></span> 
     </span>
     <span class='ocr_line' id='line_1_17' title="bbox 282 2330 1454 2423; baseline 0 -25"><span class='ocrx_word' id='word_1_142' title='bbox 282 2333 489 2423; x_wconf 53' lang='grc' dir='ltr'><strong><em>νησάμενοςῑ)</em></strong></span> <span class='ocrx_word' id='word_1_143' title='bbox 531 2331 588 2399; x_wconf 85' lang='grc' dir='ltr'>καί</span> <span class='ocrx_word' id='word_1_144' title='bbox 625 2330 802 2415; x_wconf 77' lang='grc' dir='ltr'><strong><em>ἀνασχίσας</em></strong></span> <span class='ocrx_word' id='word_1_145' title='bbox 838 2334 951 2398; x_wconf 82' lang='grc' dir='ltr'><strong><em>τούτου</em></strong></span> <span class='ocrx_word' id='word_1_146' title='bbox 995 2333 1052 2421; x_wconf 78' lang='grc' dir='ltr'><strong><em>τὴν</em></strong></span> <span class='ocrx_word' id='word_1_147' title='bbox 1094 2331 1234 2421; x_wconf 79' lang='grc' dir='ltr'><strong><em>γαστέρα</em></strong></span> <span class='ocrx_word' id='word_1_148' title='bbox 1270 2331 1328 2398; x_wconf 78' lang='grc' dir='ltr'>καί</span> <span class='ocrx_word' id='word_1_149' title='bbox 1365 2331 1454 2399; x_wconf 76' lang='grc' dir='ltr'><strong><em>οὐδέν</em></strong></span> 
     </span>
     <span class='ocr_line' id='line_1_18' title="bbox 283 2432 1454 2530; baseline -0.002 -24"><span class='ocrx_word' id='word_1_150' title='bbox 283 2436 462 2520; x_wconf 76' lang='grc' dir='ltr'><strong><em>ἀποτίλας,</em></strong></span> <span class='ocrx_word' id='word_1_151' title='bbox 497 2440 541 2518; x_wconf 87' lang='grc' dir='ltr'>ὡς</span> <span class='ocrx_word' id='word_1_152' title='bbox 569 2438 606 2505; x_wconf 76' lang='grc' dir='ltr'>δέ</span> <span class='ocrx_word' id='word_1_153' title='bbox 637 2432 734 2521; x_wconf 83' lang='grc' dir='ltr'><strong><em>εἶχεν,</em></strong></span> <span class='ocrx_word' id='word_1_154' title='bbox 765 2441 848 2505; x_wconf 73' lang='grc' dir='ltr'><strong><em>οὕτω</em></strong></span> <span class='ocrx_word' id='word_1_155' title='bbox 880 2438 1008 2530; x_wconf 75' lang='grc' dir='ltr'><strong><em>ε’ςέθηνε</em></strong></span> <span class='ocrx_word' id='word_1_156' title='bbox 1038 2436 1179 2524; x_wconf 76' lang='grc' dir='ltr'>βυβλίον.</span> <span class='ocrx_word' id='word_1_157' title='bbox 1226 2441 1259 2505; x_wconf 89' lang='lat' dir='ltr'>II</span> <span class='ocrx_word' id='word_1_158' title='bbox 1287 2442 1330 2505; x_wconf 90' lang='lat'>42</span> <span class='ocrx_word' id='word_1_159' title='bbox 1362 2437 1454 2516; x_wconf 80' lang='grc' dir='ltr'><strong><em>τέλος</em></strong></span> 
     </span>
     <span class='ocr_line' id='line_1_19' title="bbox 283 2540 1452 2634; baseline -0.003 -22"><span class='ocrx_word' id='word_1_160' title='bbox 283 2547 319 2613; x_wconf 77' lang='grc' dir='ltr'>ἀὲ</span> <span class='ocrx_word' id='word_1_161' title='bbox 342 2542 455 2612; x_wconf 77' lang='grc' dir='ltr'><strong><em>ἐπείτε</em></strong></span> <span class='ocrx_word' id='word_1_162' title='bbox 477 2546 629 2634; x_wconf 86' lang='grc' dir='ltr'><strong><em>λιπαρεῖν</em></strong></span> <span class='ocrx_word' id='word_1_163' title='bbox 651 2542 710 2612; x_wconf 87' lang='grc' dir='ltr'><strong><em>τὸν</em></strong></span> <span class='ocrx_word' id='word_1_164' title='bbox 729 2540 909 2633; x_wconf 67' lang='grc' dir='ltr'>εΗρανιλέα,</span> <span class='ocrx_word' id='word_1_165' title='bbox 934 2543 991 2612; x_wconf 88' lang='grc' dir='ltr'><strong><em>τὸν</em></strong></span> <span class='ocrx_word' id='word_1_166' title='bbox 1003 2543 1072 2611; x_wconf 86' lang='grc' dir='ltr'>Δία</span> <span class='ocrx_word' id='word_1_167' title='bbox 1093 2546 1341 2634; x_wconf 75' lang='grc' dir='ltr'><strong><em>μηχανήσασθαι</em></strong></span> <span class='ocrx_word' id='word_1_168' title='bbox 1363 2545 1452 2611; x_wconf 77' lang='grc' dir='ltr'><strong><em>τάδε.</em></strong></span> 
     </span>
     <span class='ocr_line' id='line_1_20' title="bbox 281 2642 1455 2741; baseline -0.003 -21"><span class='ocrx_word' id='word_1_169' title='bbox 281 2656 331 2721; x_wconf 93' lang='lat' dir='ltr'>III</span> <span class='ocrx_word' id='word_1_170' title='bbox 352 2657 372 2722; x_wconf 88' lang='lat'>9</span> <span class='ocrx_word' id='word_1_171' title='bbox 396 2651 473 2718; x_wconf 80' lang='grc' dir='ltr'><strong><em>ἐπεί</em></strong></span> <span class='ocrx_word' id='word_1_172' title='bbox 495 2642 539 2718; x_wconf 82' lang='grc' dir='ltr'>ὧν</span> <span class='ocrx_word' id='word_1_173' title='bbox 561 2654 618 2741; x_wconf 83' lang='grc' dir='ltr'><strong><em>την</em></strong></span> <span class='ocrx_word' id='word_1_174' title='bbox 639 2649 757 2717; x_wconf 91' lang='grc' dir='ltr'><strong><em>πίστιν</em></strong></span> <span class='ocrx_word' id='word_1_175' title='bbox 779 2654 886 2717; x_wconf 84' lang='grc' dir='ltr'><strong><em>τοῖσιν</em></strong></span> <span class='ocrx_word' id='word_1_176' title='bbox 909 2651 1076 2738; x_wconf 78' lang='grc' dir='ltr'><strong><em>ἀγγέλοισι</em></strong></span> <span class='ocrx_word' id='word_1_177' title='bbox 1098 2655 1187 2718; x_wconf 85' lang='grc' dir='ltr'><strong><em>τοῖσι</em></strong></span> <span class='ocrx_word' id='word_1_178' title='bbox 1209 2652 1302 2741; x_wconf 82' lang='grc' dir='ltr'><strong><em>παρὰ</em></strong></span> <span class='ocrx_word' id='word_1_179' title='bbox 1324 2653 1455 2736; x_wconf 75' lang='grc' dir='ltr'><strong><em>Καμβύ-</em></strong></span> 
     </span>
     <span class='ocr_line' id='line_1_21' title="bbox 283 2751 1453 2848; baseline -0.003 -23"><span class='ocrx_word' id='word_1_180' title='bbox 283 2781 348 2825; x_wconf 88' lang='grc' dir='ltr'>σεω</span> <span class='ocrx_word' id='word_1_181' title='bbox 380 2758 612 2845; x_wconf 85' lang='grc' dir='ltr'><strong><em>ἀπιγμένοισιν</em></strong></span> <span class='ocrx_word' id='word_1_182' title='bbox 649 2756 830 2846; x_wconf 78' lang='grc' dir='ltr'><strong><em>ἐποιήσατο</em></strong></span> <span class='ocrx_word' id='word_1_183' title='bbox 863 2759 881 2823; x_wconf 83' lang='grc' dir='ltr'>ὁ</span> <span class='ocrx_word' id='word_1_184' title='bbox 908 2751 1075 2846; x_wconf 71' lang='grc' dir='ltr'>Ἀράβιος,</span> <span class='ocrx_word' id='word_1_185' title='bbox 1113 2757 1292 2848; x_wconf 79' lang='grc' dir='ltr'><strong><em>ἐμηχανᾶτο</em></strong></span> <span class='ocrx_word' id='word_1_186' title='bbox 1318 2758 1453 2839; x_wconf 80' lang='grc' dir='ltr'><strong><em>τοιάδε.</em></strong></span> 
     </span>
     <span class='ocr_line' id='line_1_22' title="bbox 285 2860 1455 2955; baseline -0.003 -22"><span class='ocrx_word' id='word_1_187' title='bbox 285 2868 325 2934; x_wconf 84' lang='grc'>15</span> <span class='ocrx_word' id='word_1_188' title='bbox 348 2877 401 2931; x_wconf 83' lang='grc' dir='ltr'>νῦν</span> <span class='ocrx_word' id='word_1_189' title='bbox 425 2864 462 2931; x_wconf 77' lang='grc' dir='ltr'>δέ</span> <span class='ocrx_word' id='word_1_190' title='bbox 483 2863 708 2955; x_wconf 86' lang='grc' dir='ltr'><strong><em>μηχανώμενος</em></strong></span> <span class='ocrx_word' id='word_1_191' title='bbox 736 2865 824 2929; x_wconf 75' lang='grc' dir='ltr'><strong><em>κακὰ</em></strong></span> <span class='ocrx_word' id='word_1_192' title='bbox 847 2865 865 2929; x_wconf 84' lang='grc' dir='ltr'>ὁ</span> <span class='ocrx_word' id='word_1_193' title='bbox 892 2865 1104 2953; x_wconf 81' lang='grc' dir='ltr'><strong><em>Ψαμμήνιτος</em></strong></span> <span class='ocrx_word' id='word_1_194' title='bbox 1127 2860 1223 2949; x_wconf 72' lang='grc' dir='ltr'><strong><em>ἔλαβε</em></strong></span> <span class='ocrx_word' id='word_1_195' title='bbox 1252 2862 1311 2931; x_wconf 85' lang='grc' dir='ltr'><strong><em>τὸν</em></strong></span> <span class='ocrx_word' id='word_1_196' title='bbox 1338 2863 1455 2948; x_wconf 84' lang='grc' dir='ltr'><strong><em>μισθόν</em></strong></span> 
     </span>
     <span class='ocr_line' id='line_1_23' title="bbox 284 2969 1453 3060; baseline -0.002 -20"><span class='ocrx_word' id='word_1_197' title='bbox 284 2973 341 3054; x_wconf 84' lang='lat' dir='ltr'>(ad</span> <span class='ocrx_word' id='word_1_198' title='bbox 364 2994 446 3057; x_wconf 84' lang='lat' dir='ltr'>quae</span> <span class='ocrx_word' id='word_1_199' title='bbox 468 2972 605 3040; x_wconf 88' lang='lat' dir='ltr'>Steinius</span> <span class='ocrx_word' id='word_1_200' title='bbox 636 2969 890 3060; x_wconf 68' lang='grc' dir='ltr'>αμηχανεόμενος</span> <span class='ocrx_word' id='word_1_201' title='bbox 911 2970 1013 3050; x_wconf 80' lang='grc' dir='ltr'><strong><em>κακοί,</em></strong></span> <span class='ocrx_word' id='word_1_202' title='bbox 1038 2971 1222 3039; x_wconf 87' lang='lat' dir='ltr'>homerisoh.</span> <span class='ocrx_word' id='word_1_203' title='bbox 1267 2971 1325 3040; x_wconf 91' lang='lat' dir='ltr'>Od.</span> <span class='ocrx_word' id='word_1_204' title='bbox 1349 2997 1367 3059; x_wconf 90' lang='grc' dir='ltr'><strong><em>ρ</em></strong></span> <span class='ocrx_word' id='word_1_205' title='bbox 1388 2973 1453 3038; x_wconf 88' lang='grc'>499</span> 
     </span>
     <span class='ocr_line' id='line_1_24' title="bbox 282 3074 1455 3168; baseline -0.001 -24"><span class='ocrx_word' id='word_1_206' title='bbox 282 3077 389 3168; x_wconf 77' lang='grc' dir='ltr'><strong><em>ἐχθροί</em></strong></span> <span class='ocrx_word' id='word_1_207' title='bbox 419 3077 479 3161; x_wconf 82' lang='grc' dir='ltr'>μὲν</span> <span class='ocrx_word' id='word_1_208' title='bbox 511 3077 633 3154; x_wconf 77' lang='grc' dir='ltr'><strong><em>πάντες</em></strong></span> <span class='ocrx_word' id='word_1_209' title='bbox 665 3074 742 3143; x_wconf 84' lang='grc' dir='ltr'><strong><em>έπεί</em></strong></span> <span class='ocrx_word' id='word_1_210' title='bbox 777 3077 863 3141; x_wconf 75' lang='grc' dir='ltr'><strong><em>κατὰ</em></strong></span> <span class='ocrx_word' id='word_1_211' title='bbox 899 3076 1165 3166; x_wconf 51' lang='grc' dir='ltr'><strong><em>μηχανόωνταιέί).</em></strong></span> <span class='ocrx_word' id='word_1_212' title='bbox 1221 3078 1266 3146; x_wconf 79' lang='lat' dir='ltr'>Of.</span> <span class='ocrx_word' id='word_1_213' title='bbox 1299 3079 1349 3143; x_wconf 92' lang='lat' dir='ltr'>III</span> <span class='ocrx_word' id='word_1_214' title='bbox 1382 3080 1455 3144; x_wconf 89' lang='grc'><strong>127.</strong></span> 
     </span>
     <span class='ocr_line' id='line_1_25' title="bbox 284 3181 1454 3274; baseline -0.003 -22"><span class='ocrx_word' id='word_1_215' title='bbox 284 3188 328 3253; x_wconf 93' lang='lat' dir='ltr'>IV</span> <span class='ocrx_word' id='word_1_216' title='bbox 351 3189 425 3253; x_wconf 90' lang='lat'>201.</span> <span class='ocrx_word' id='word_1_217' title='bbox 471 3187 499 3252; x_wconf 95' lang='lat' dir='ltr'>V</span> <span class='ocrx_word' id='word_1_218' title='bbox 521 3187 573 3252; x_wconf 86' lang='lat'>63.</span> <span class='ocrx_word' id='word_1_219' title='bbox 610 3185 654 3251; x_wconf 93' lang='lat' dir='ltr'>VI</span> <span class='ocrx_word' id='word_1_220' title='bbox 677 3185 720 3250; x_wconf 89' lang='grc'>46</span> <span class='ocrx_word' id='word_1_221' title='bbox 744 3181 968 3271; x_wconf 83' lang='grc' dir='ltr'><strong><em>(ἀπόστασιν),</em></strong></span> <span class='ocrx_word' id='word_1_222' title='bbox 991 3186 1043 3268; x_wconf 94' lang='grc'>88,</span> <span class='ocrx_word' id='word_1_223' title='bbox 1068 3186 1140 3251; x_wconf 94' lang='grc'><strong>121.</strong></span> <span class='ocrx_word' id='word_1_224' title='bbox 1168 3185 1230 3252; x_wconf 92' lang='lat' dir='ltr'>VII</span> <span class='ocrx_word' id='word_1_225' title='bbox 1255 3187 1317 3251; x_wconf 92' lang='grc'><strong>172</strong></span> <span class='ocrx_word' id='word_1_226' title='bbox 1342 3185 1454 3274; x_wconf 86' lang='grc' dir='ltr'><strong><em>(σωτη</em></strong></span> 
     </span>
     <span class='ocr_line' id='line_1_26' title="bbox 283 3288 1455 3382; baseline 0.002 -25"><span class='ocrx_word' id='word_1_227' title='bbox 283 3288 375 3382; x_wconf 90' lang='grc' dir='ltr'>ρίην).</span> <span class='ocrx_word' id='word_1_228' title='bbox 430 3294 491 3359; x_wconf 84' lang='grc'>197</span> <span class='ocrx_word' id='word_1_229' title='bbox 531 3290 675 3379; x_wconf 84' lang='grc' dir='ltr'>(φόνον,</span> <span class='ocrx_word' id='word_1_230' title='bbox 695 3311 804 3358; x_wconf 81' lang='lat' dir='ltr'>necem</span> <span class='ocrx_word' id='word_1_231' title='bbox 840 3290 975 3376; x_wconf 81' lang='lat' dir='ltr'>parare).</span> <span class='ocrx_word' id='word_1_232' title='bbox 1028 3293 1106 3357; x_wconf 91' lang='lat' dir='ltr'>VIII</span> <span class='ocrx_word' id='word_1_233' title='bbox 1137 3296 1172 3378; x_wconf 96' lang='grc'>7,</span> <span class='ocrx_word' id='word_1_234' title='bbox 1208 3295 1279 3359; x_wconf 89' lang='grc'><strong>106.</strong></span> <span class='ocrx_word' id='word_1_235' title='bbox 1327 3293 1358 3356; x_wconf 85' lang='grc' dir='ltr'>Θ</span> <span class='ocrx_word' id='word_1_236' title='bbox 1383 3295 1455 3359; x_wconf 92' lang='grc'><strong>177.</strong></span> 
     </span>
     <span class='ocr_line' id='line_1_27' title="bbox 282 3398 1455 3485; baseline 0 -22"><span class='ocrx_word' id='word_1_237' title='bbox 282 3404 322 3463; x_wconf 92' lang='grc' dir='ltr'><em>Λ</em></span> <span class='ocrx_word' id='word_1_238' title='bbox 344 3399 418 3465; x_wconf 84' lang='grc'><strong>695.</strong></span> <span class='ocrx_word' id='word_1_239' title='bbox 443 3398 463 3464; x_wconf 89' lang='lat' dir='ltr'>d</span> <span class='ocrx_word' id='word_1_240' title='bbox 486 3401 559 3465; x_wconf 90' lang='lat'>822.</span> <span class='ocrx_word' id='word_1_241' title='bbox 582 3420 612 3462; x_wconf 91' lang='grc' dir='ltr'><strong><em>π</em></strong></span> <span class='ocrx_word' id='word_1_242' title='bbox 636 3400 708 3466; x_wconf 89' lang='lat'>134.</span> <span class='ocrx_word' id='word_1_243' title='bbox 732 3423 750 3485; x_wconf 90' lang='grc' dir='ltr'><strong><em>ρ</em></strong></span> <span class='ocrx_word' id='word_1_244' title='bbox 773 3400 848 3465; x_wconf 88' lang='grc'><strong>499.</strong></span> <span class='ocrx_word' id='word_1_245' title='bbox 871 3421 890 3461; x_wconf 90' lang='lat' dir='ltr'><em>v</em></span> <span class='ocrx_word' id='word_1_246' title='bbox 915 3400 988 3465; x_wconf 86' lang='grc'><strong>170.</strong></span> <span class='ocrx_word' id='word_1_247' title='bbox 1030 3399 1256 3482; x_wconf 81' lang='lat' dir='ltr'>Uolgarissimo</span> <span class='ocrx_word' id='word_1_248' title='bbox 1279 3398 1455 3465; x_wconf 87' lang='lat' dir='ltr'>Herodotus</span> 
     </span>
     <span class='ocr_line' id='line_1_28' title="bbox 282 3504 1455 3590; baseline 0.001 -19"><span class='ocrx_word' id='word_1_249' title='bbox 282 3507 343 3572; x_wconf 89' lang='lat' dir='ltr'>hoo</span> <span class='ocrx_word' id='word_1_250' title='bbox 366 3506 517 3572; x_wconf 85' lang='lat' dir='ltr'>uooabulo</span> <span class='ocrx_word' id='word_1_251' title='bbox 540 3525 614 3571; x_wconf 87' lang='lat' dir='ltr'>usus</span> <span class='ocrx_word' id='word_1_252' title='bbox 637 3511 698 3585; x_wconf 88' lang='lat' dir='ltr'>est,</span> <span class='ocrx_word' id='word_1_253' title='bbox 720 3524 822 3587; x_wconf 88' lang='lat' dir='ltr'>neque</span> <span class='ocrx_word' id='word_1_254' title='bbox 845 3504 1017 3587; x_wconf 87' lang='lat' dir='ltr'>quidquam</span> <span class='ocrx_word' id='word_1_255' title='bbox 1039 3506 1073 3571; x_wconf 89' lang='lat' dir='ltr'>in</span> <span class='ocrx_word' id='word_1_256' title='bbox 1102 3525 1140 3571; x_wconf 87' lang='lat' dir='ltr'>eo</span> <span class='ocrx_word' id='word_1_257' title='bbox 1163 3511 1210 3571; x_wconf 88' lang='lat' dir='ltr'>est</span> <span class='ocrx_word' id='word_1_258' title='bbox 1233 3506 1370 3590; x_wconf 85' lang='lat' dir='ltr'>poetioi‚&#39;</span> <span class='ocrx_word' id='word_1_259' title='bbox 1387 3505 1455 3572; x_wconf 88' lang='lat' dir='ltr'>siue</span> 
     </span>
     <span class='ocr_line' id='line_1_29' title="bbox 284 3610 1455 3696; baseline 0.003 -21"><span class='ocrx_word' id='word_1_260' title='bbox 284 3612 370 3676; x_wconf 80' lang='grc' dir='ltr'><strong><em>κακὰ</em></strong></span> <span class='ocrx_word' id='word_1_261' title='bbox 400 3613 468 3677; x_wconf 88' lang='lat' dir='ltr'>siue</span> <span class='ocrx_word' id='word_1_262' title='bbox 497 3611 585 3677; x_wconf 85' lang='lat' dir='ltr'>aliud</span> <span class='ocrx_word' id='word_1_263' title='bbox 614 3610 689 3677; x_wconf 89' lang='lat' dir='ltr'>inde</span> <span class='ocrx_word' id='word_1_264' title='bbox 719 3630 902 3696; x_wconf 89' lang='lat' dir='ltr'>suspensum</span> <span class='ocrx_word' id='word_1_265' title='bbox 925 3616 979 3677; x_wconf 89' lang='lat' dir='ltr'>est.</span> <span class='ocrx_word' id='word_1_266' title='bbox 1025 3611 1071 3678; x_wconf 78' lang='lat' dir='ltr'>of.</span> <span class='ocrx_word' id='word_1_267' title='bbox 1096 3611 1222 3696; x_wconf 83' lang='lat' dir='ltr'>Antiph.</span> <span class='ocrx_word' id='word_1_268' title='bbox 1244 3613 1260 3676; x_wconf 95' lang='lat' dir='ltr'>I</span> <span class='ocrx_word' id='word_1_269' title='bbox 1282 3614 1312 3678; x_wconf 85' lang='lat'>3.</span> <span class='ocrx_word' id='word_1_270' title='bbox 1356 3612 1455 3679; x_wconf 80' lang='lat' dir='ltr'>Thus.</span> 
     </span>
     <span class='ocr_line' id='line_1_30' title="bbox 284 3718 1455 3803; baseline 0.001 -19"><span class='ocrx_word' id='word_1_271' title='bbox 284 3720 328 3785; x_wconf 92' lang='lat' dir='ltr'>IV</span> <span class='ocrx_word' id='word_1_272' title='bbox 349 3720 402 3786; x_wconf 88' lang='grc'>47.</span> <span class='ocrx_word' id='word_1_273' title='bbox 425 3719 454 3786; x_wconf 94' lang='lat' dir='ltr'>V</span> <span class='ocrx_word' id='word_1_274' title='bbox 476 3718 528 3784; x_wconf 81' lang='lat'>45.</span> <span class='ocrx_word' id='word_1_275' title='bbox 581 3719 662 3786; x_wconf 84' lang='lat' dir='ltr'>Xen.</span> <span class='ocrx_word' id='word_1_276' title='bbox 685 3719 745 3785; x_wconf 81' lang='lat' dir='ltr'>An.</span> <span class='ocrx_word' id='word_1_277' title='bbox 767 3719 801 3783; x_wconf 95' lang='lat' dir='ltr'>II</span> <span class='ocrx_word' id='word_1_278' title='bbox 823 3719 859 3802; x_wconf 83' lang='lat'>6,</span> <span class='ocrx_word' id='word_1_279' title='bbox 893 3720 945 3784; x_wconf 91' lang='grc'>27.</span> <span class='ocrx_word' id='word_1_280' title='bbox 982 3718 1027 3783; x_wconf 93' lang='lat' dir='ltr'>IV</span> <span class='ocrx_word' id='word_1_281' title='bbox 1050 3722 1079 3803; x_wconf 94' lang='grc'>7,</span> <span class='ocrx_word' id='word_1_282' title='bbox 1105 3720 1155 3785; x_wconf 89' lang='grc'>19.</span> <span class='ocrx_word' id='word_1_283' title='bbox 1201 3718 1310 3801; x_wconf 80' lang='lat' dir='ltr'>Oyr.I</span> <span class='ocrx_word' id='word_1_284' title='bbox 1343 3719 1455 3801; x_wconf 93' lang='grc'><strong>6,10.</strong></span> 
     </span>
     <span class='ocr_line' id='line_1_31' title="bbox 283 3824 1455 3909; baseline 0 -18"><span class='ocrx_word' id='word_1_285' title='bbox 283 3827 337 3891; x_wconf 85' lang='grc'>39.</span> <span class='ocrx_word' id='word_1_286' title='bbox 383 3826 620 3909; x_wconf 85' lang='grc'><strong>112,12.14.</strong></span> <span class='ocrx_word' id='word_1_287' title='bbox 657 3825 759 3904; x_wconf 88' lang='grc' dir='ltr'>ΙΙΙ2,</span> <span class='ocrx_word' id='word_1_288' title='bbox 785 3824 835 3890; x_wconf 84' lang='grc'><strong>16.</strong></span> <span class='ocrx_word' id='word_1_289' title='bbox 871 3824 949 3890; x_wconf 88' lang='lat' dir='ltr'>VIII</span> <span class='ocrx_word' id='word_1_290' title='bbox 972 3825 1001 3908; x_wconf 85' lang='lat'>8,</span> <span class='ocrx_word' id='word_1_291' title='bbox 1027 3826 1077 3892; x_wconf 94' lang='grc'>17.</span> <span class='ocrx_word' id='word_1_292' title='bbox 1123 3824 1455 3909; x_wconf 82' lang='lat' dir='ltr'>Mem.113,9.10.</span> 
     </span>
     <span class='ocr_line' id='line_1_32' title="bbox 284 3931 1455 4016; baseline 0.001 -18"><span class='ocrx_word' id='word_1_293' title='bbox 284 3934 315 4016; x_wconf 90' lang='grc'>6,</span> <span class='ocrx_word' id='word_1_294' title='bbox 337 3931 390 3997; x_wconf 84' lang='lat'>35.</span> <span class='ocrx_word' id='word_1_295' title='bbox 444 3931 530 3997; x_wconf 86' lang='lat' dir='ltr'>Hier.</span> <span class='ocrx_word' id='word_1_296' title='bbox 556 3933 612 4016; x_wconf 92' lang='grc'>11,</span> <span class='ocrx_word' id='word_1_297' title='bbox 643 3932 672 3998; x_wconf 87' lang='grc'>4.</span> <span class='ocrx_word' id='word_1_298' title='bbox 722 3932 802 3998; x_wconf 86' lang='lat' dir='ltr'>Plat</span> <span class='ocrx_word' id='word_1_299' title='bbox 832 3931 922 4015; x_wconf 81' lang='lat' dir='ltr'>Apol.</span> <span class='ocrx_word' id='word_1_300' title='bbox 954 3951 984 4015; x_wconf 90' lang='lat' dir='ltr'>p.</span> <span class='ocrx_word' id='word_1_301' title='bbox 1016 3933 1059 3998; x_wconf 88' lang='lat'>39</span> <span class='ocrx_word' id='word_1_302' title='bbox 1083 3932 1121 3997; x_wconf 88' lang='grc' dir='ltr'>Α.</span> <span class='ocrx_word' id='word_1_303' title='bbox 1165 3932 1247 3999; x_wconf 88' lang='lat' dir='ltr'>Prot.</span> <span class='ocrx_word' id='word_1_304' title='bbox 1278 3953 1308 4016; x_wconf 89' lang='lat' dir='ltr'>p.</span> <span class='ocrx_word' id='word_1_305' title='bbox 1331 3933 1397 3998; x_wconf 85' lang='lat'>320</span> <span class='ocrx_word' id='word_1_306' title='bbox 1419 3932 1455 3999; x_wconf 81' lang='lat' dir='ltr'>E.</span> 
     </span>
     <span class='ocr_line' id='line_1_33' title="bbox 282 4026 1455 4123; baseline 0.001 -19"><span class='ocrx_word' id='word_1_307' title='bbox 282 4039 363 4104; x_wconf 82' lang='lat' dir='ltr'>Tim.</span> <span class='ocrx_word' id='word_1_308' title='bbox 386 4059 416 4123; x_wconf 91' lang='lat' dir='ltr'>p.</span> <span class='ocrx_word' id='word_1_309' title='bbox 439 4039 532 4122; x_wconf 72' lang='grc'>3711,</span> <span class='ocrx_word' id='word_1_310' title='bbox 555 4038 650 4122; x_wconf 79' lang='grc'>474,</span> <span class='ocrx_word' id='word_1_311' title='bbox 674 4037 766 4104; x_wconf 87' lang='grc'><strong>710.</strong></span> <span class='ocrx_word' id='word_1_312' title='bbox 802 4039 879 4122; x_wconf 87' lang='lat' dir='ltr'>Rep.</span> <span class='ocrx_word' id='word_1_313' title='bbox 902 4038 930 4103; x_wconf 94' lang='lat' dir='ltr'>V</span> <span class='ocrx_word' id='word_1_314' title='bbox 952 4058 981 4121; x_wconf 91' lang='lat' dir='ltr'>p.</span> <span class='ocrx_word' id='word_1_315' title='bbox 1005 4038 1070 4103; x_wconf 90' lang='grc'>460</span> <span class='ocrx_word' id='word_1_316' title='bbox 1094 4037 1128 4104; x_wconf 88' lang='grc'>0.</span> <span class='ocrx_word' id='word_1_317' title='bbox 1164 4039 1258 4103; x_wconf 86' lang='lat' dir='ltr'>Isoor.</span> <span class='ocrx_word' id='word_1_318' title='bbox 1281 4026 1311 4122; x_wconf 88' lang='lat' dir='ltr'>p</span> <span class='ocrx_word' id='word_1_319' title='bbox 1335 4039 1400 4104; x_wconf 88' lang='lat'>208</span> <span class='ocrx_word' id='word_1_320' title='bbox 1415 4039 1455 4105; x_wconf 89' lang='lat' dir='ltr'>D.</span> 
     </span>
     <span class='ocr_line' id='line_1_34' title="bbox 283 4140 1456 4233; baseline 0 -22"><span class='ocrx_word' id='word_1_321' title='bbox 283 4144 357 4211; x_wconf 93' lang='lat' dir='ltr'>Ath.</span> <span class='ocrx_word' id='word_1_322' title='bbox 379 4145 407 4210; x_wconf 92' lang='lat' dir='ltr'>V</span> <span class='ocrx_word' id='word_1_323' title='bbox 429 4166 459 4229; x_wconf 93' lang='lat' dir='ltr'>p.</span> <span class='ocrx_word' id='word_1_324' title='bbox 483 4148 557 4218; x_wconf 77' lang='grc'>267,</span> <span class='ocrx_word' id='word_1_325' title='bbox 571 4147 607 4210; x_wconf 94' lang='grc' dir='ltr'>Β.</span> <span class='ocrx_word' id='word_1_326' title='bbox 644 4143 734 4222; x_wconf 77' lang='lat' dir='ltr'>Quod</span> <span class='ocrx_word' id='word_1_327' title='bbox 757 4145 791 4209; x_wconf 91' lang='lat' dir='ltr'>in</span> <span class='ocrx_word' id='word_1_328' title='bbox 815 4164 836 4208; x_wconf 92' lang='grc' dir='ltr'><strong><em>σ</em></strong></span> <span class='ocrx_word' id='word_1_329' title='bbox 861 4146 923 4210; x_wconf 87' lang='grc'><strong>142</strong></span> <span class='ocrx_word' id='word_1_330' title='bbox 947 4144 1062 4228; x_wconf 84' lang='lat' dir='ltr'>legitur</span> <span class='ocrx_word' id='word_1_331' title='bbox 1083 4140 1324 4233; x_wconf 80' lang='grc' dir='ltr'><strong><em>μηχανόωντας,</em></strong></span> <span class='ocrx_word' id='word_1_332' title='bbox 1349 4146 1456 4211; x_wconf 84' lang='lat' dir='ltr'>aotiua</span> 
     </span>
    </p>
   </div>
   <div class='ocr_carea' id='block_1_4' title="bbox 282 4299 496 4308">
    <p class='ocr_par' dir='ltr' id='par_1_4' title="bbox 282 4299 496 4308">
     <span class='ocr_line' id='line_1_35' title="bbox 282 4299 496 4308; baseline -0.005 0"><span class='ocrx_word' id='word_1_333' title='bbox 282 4299 496 4308; x_wconf 82' lang='lat'>——-—--</span> 
     </span>
    </p>
   </div>
   <div class='ocr_carea' id='block_1_5' title="bbox 283 4373 1456 4714">
    <p class='ocr_par' dir='ltr' id='par_1_5' title="bbox 283 4373 1456 4714">
     <span class='ocr_line' id='line_1_36' title="bbox 375 4373 1456 4446; baseline -0.001 -16"><span class='ocrx_word' id='word_1_334' title='bbox 375 4376 396 4446; x_wconf 84' lang='lat'>²)</span> <span class='ocrx_word' id='word_1_335' title='bbox 422 4377 558 4446; x_wconf 87' lang='lat' dir='ltr'>Leporem</span> <span class='ocrx_word' id='word_1_336' title='bbox 576 4373 760 4430; x_wconf 81' lang='lat' dir='ltr'>machinatus!</span> <span class='ocrx_word' id='word_1_337' title='bbox 797 4375 867 4431; x_wconf 77' lang='lat' dir='ltr'>(ium</span> <span class='ocrx_word' id='word_1_338' title='bbox 884 4374 1065 4442; x_wconf 72' lang='grc' dir='ltr'><strong><em>μηχανᾶσθαι</em></strong></span> <span class='ocrx_word' id='word_1_339' title='bbox 1089 4374 1178 4444; x_wconf 87' lang='lat' dir='ltr'>possit</span> <span class='ocrx_word' id='word_1_340' title='bbox 1206 4374 1299 4430; x_wconf 80' lang='lat' dir='ltr'>ualere</span> <span class='ocrx_word' id='word_1_341' title='bbox 1326 4374 1355 4428; x_wconf 90' lang='lat' dir='ltr'>id</span> <span class='ocrx_word' id='word_1_342' title='bbox 1381 4376 1456 4444; x_wconf 87' lang='lat' dir='ltr'>quod</span> 
     </span>
     <span class='ocr_line' id='line_1_37' title="bbox 283 4447 1456 4533; baseline -0.003 -13"><span class='ocrx_word' id='word_1_343' title='bbox 283 4469 361 4520; x_wconf 82' lang='lat' dir='ltr'>arte</span> <span class='ocrx_word' id='word_1_344' title='bbox 389 4464 522 4520; x_wconf 91' lang='lat' dir='ltr'>doloue</span> <span class='ocrx_word' id='word_1_345' title='bbox 550 4447 779 4531; x_wconf 79' lang='lat' dir='ltr'>sibi&#39;porare</span> <span class='ocrx_word' id='word_1_346' title='bbox 805 4461 848 4531; x_wconf 84' lang='lat' dir='ltr'>(of.</span> <span class='ocrx_word' id='word_1_347' title='bbox 867 4464 938 4517; x_wconf 88' lang='lat' dir='ltr'>Xen.</span> <span class='ocrx_word' id='word_1_348' title='bbox 958 4462 1021 4533; x_wconf 81' lang='lat' dir='ltr'>Gyr.</span> <span class='ocrx_word' id='word_1_349' title='bbox 1047 4462 1216 4533; x_wconf 80' lang='lat'>1112‚15),</span> <span class='ocrx_word' id='word_1_350' title='bbox 1244 4464 1363 4533; x_wconf 84' lang='lat' dir='ltr'>suspicio</span> <span class='ocrx_word' id='word_1_351' title='bbox 1389 4463 1456 4517; x_wconf 90' lang='lat' dir='ltr'>mihi</span> 
     </span>
     <span class='ocr_line' id='line_1_38' title="bbox 283 4551 1456 4622; baseline -0.003 -13"><span class='ocrx_word' id='word_1_352' title='bbox 283 4565 411 4609; x_wconf 85' lang='lat' dir='ltr'>mouetur</span> <span class='ocrx_word' id='word_1_353' title='bbox 445 4553 536 4608; x_wconf 86' lang='lat' dir='ltr'>dioere</span> <span class='ocrx_word' id='word_1_354' title='bbox 568 4552 741 4608; x_wconf 87' lang='lat' dir='ltr'>Herodotum</span> <span class='ocrx_word' id='word_1_355' title='bbox 772 4552 893 4622; x_wconf 88' lang='lat' dir='ltr'>leporem</span> <span class='ocrx_word' id='word_1_356' title='bbox 928 4551 964 4607; x_wconf 82' lang='lat' dir='ltr'>ab</span> <span class='ocrx_word' id='word_1_357' title='bbox 991 4551 1122 4622; x_wconf 82' lang='lat' dir='ltr'>Herpego</span> <span class='ocrx_word' id='word_1_358' title='bbox 1156 4553 1262 4622; x_wconf 75' lang='lat' dir='ltr'>laqueis</span> <span class='ocrx_word' id='word_1_359' title='bbox 1299 4551 1377 4622; x_wconf 79' lang='lat' dir='ltr'>(haec</span> <span class='ocrx_word' id='word_1_360' title='bbox 1403 4552 1456 4606; x_wconf 87' lang='lat' dir='ltr'>erit</span> 
     </span>
     <span class='ocr_line' id='line_1_39' title="bbox 283 4642 571 4714; baseline -0.01 -15"><span class='ocrx_word' id='word_1_361' title='bbox 283 4642 434 4714; x_wconf 75' lang='lat' dir='ltr'>maehinai)</span> <span class='ocrx_word' id='word_1_362' title='bbox 452 4647 571 4712; x_wconf 79' lang='lat' dir='ltr'>septum.</span> 
     </span>
    </p>
   </div>
   <div class='ocr_carea' id='block_1_6' title="bbox 0 0 1754 5358">
    <p class='ocr_par' dir='ltr' id='par_1_6' title="bbox 0 0 1754 5358">
     <span class='ocr_line' id='line_1_40' title="bbox 0 0 1754 5358; baseline 0 0"><span class='ocrx_word' id='word_1_363' title='bbox 0 0 1754 5358; x_wconf 95' lang='lat' dir='ltr'> </span> 
     </span>
    </p>
   </div>
  </div>
 </body>
</html>
