3492 5358
711 496 930 560 ..33-...

237 713 391 793 καρτερῆς
412 702 499 793 πρὸς
521 703 561 768 τὸ
589 706 695 785 τεῖχος
724 698 870 769 έττιτττον
899 703 959 770 ἐντί
988 700 1026 784 ἓξ
1055 704 1175 794 ἡμέρας
1203 705 1323 772 πολλοὶ
1353 705 1413 789 μὲν

238 807 440 899 ἀμφοτέρων.
477 812 556 877 VIII
571 813 634 877 112
658 806 738 898 πρὶν
760 812 822 898 γάρ
843 811 864 899 λ)
887 808 1092 877 άναττνεῦσαί
1115 832 1219 900 σφεας
1242 807 1279 877 ἐκ
1300 836 1337 877 τε
1355 824 1413 900 τῆς

237 913 388 1008 ναυηγίης
409 914 467 982 καί
495 927 553 982 τοῦ
580 925 735 999 χειμῶνος
764 926 823 980 τοῦ
852 915 1018 1002 γενομένου
1047 919 1134 983 κατὰ
1163 919 1305 1006 Πήλιον,
1336 917 1413 985 ὑπέ-

239 1024 320 1108 λαβε
341 1018 499 1112 ναυμαχίη
521 1023 669 1112 καρτερή.
715 1024 764 1089 IX
786 1026 806 1089 9
829 1019 952 1112 καίπερ
973 1020 1096 1105 τείχεος
1120 1025 1177 1089 διά
1201 1035 1259 1090 τοῦ
1278 1018 1411 1108 Ἰσθμοῦ

240 1128 433 1218 ἐληλαμένου
454 1140 611 1218 καρτεροῦ
634 1132 744 1218 (uerba
768 1130 892 1215 chilei).
939 1131 985 1198 cf.
1008 1134 1105 1198 1212
1129 1128 1292 1221 φαρμάκῳ
1316 1130 1413 1196 δολώ-

242 1257 305 1313 σας
328 1231 509 1324 ἕκράτησας
530 1236 656 1313 παιδὸς
676 1246 735 1301 τοῦ
758 1233 845 1318 ἐμοῦ,
871 1235 940 1302 ἀλλ’
963 1234 999 1302 οὐ
1025 1233 1111 1325 μάχη
1132 1239 1218 1302 κατὰ
1240 1235 1280 1303 τὸ
1302 1261 1413 1326 καρτε-
1535 1301 1538 1305 ,

239 1338 295 1430 ρόν
317 1343 464 1431 (loquitur
485 1344 652 1431 Tomyris).
698 1344 814 1409 11165
844 1338 910 1408 εἴτε
925 1340 1030 1429 ’δόλῳ
1059 1339 1186 1424 ἔχουσιν
1216 1342 1313 1431 αὐτὴν
1340 1368 1413 1431 κτη-

240 1445 384 1532 σάμενοι,
418 1444 507 1535 δόλῳ
539 1448 758 1537 ἀπαιρεθῆναι
788 1443 856 1514 ὑπὸ
881 1448 993 1531 ὑμέων,
1028 1445 1094 1515 είτε
1123 1449 1180 1515 καὶ
1214 1449 1319 1516 σθένει
1349 1473 1413 1536 τεῳ

238 1549 524 1643 κατεργασάμενοι,
550 1554 655 1622 σθένει
684 1556 769 1619 κατὰ
799 1556 838 1620 τὸ
867 1554 1024 1644 καρτερὸν
1053 1555 1291 1622 ἀνασώσασθαι
1320 1556 1414 1643 (ἀνώ-

241 1660 389 1727 σασθαιλ
433 1663 539 1729 Uerba
575 1670 646 1729 sunt
676 1663 862 1750 cambysis).
921 1664 1020 1727 Κατὰ
1052 1659 1092 1728 τὸ
1116 1661 1273 1752 καρτερὸν
1307 1696 1346 1718 =
1380 1665 1414 1729 ui

240 1759 397 1851 armisque
420 1769 544 1854 (Stein.)
568 1768 682 1836 dicitur
704 1776 738 1835 ut
759 1771 845 1832 κατὰ
868 1765 907 1833 τὸ
934 1764 1063 1857 ἰσχυρὸν
1090 1771 1125 1835 in
1148 1773 1164 1835 Ι
1187 1773 1239 1837 76.
1270 1772 1314 1837 IV
1337 1772 1413 1837 201.

238 1875 267 1940 V
290 1877 342 1942 62.
364 1876 413 1940 IX
435 1876 465 1941 2.
501 1875 596 1960 Apud
609 1876 780 1941 Homerum
802 1871 960 1963 κρατερὰς
982 1896 1052 1942 cum
1075 1877 1148 1941 aliis
1170 1896 1266 1961 saepe
1284 1877 1411 1942 rationi·

240 1983 299 2046 bus
322 1987 388 2046 tum
409 1980 497 2046 iuxta
518 1977 635 2069 ὑσμίνη
657 2002 712 2048 seu
735 1980 879 2070 φύλοπις
907 1989 1089 2066 usurpatum
1118 1983 1254 2047 inueniri
1283 1989 1413 2068 constat,

240 2094 274 2153 ut
296 2087 330 2153 In
352 2091 383 2150 B
406 2088 480 2155 345.
512 2091 541 2150 Σ
561 2090 636 2155 242.
664 2111 693 2149 π
716 2090 781 2154 268
812 2087 864 2175 (cf.
889 2096 1051 2175 κρατερῶς
1072 2083 1234 2170 μάχεσθαι
1262 2093 1306 2153 Μ
1328 2089 1414 2176 152).

243 2194 342 2259 Multo
365 2195 465 2259 rarior
495 2201 542 2259 est
570 2195 671 2259 forma
699 2191 870 2282 καρτερδς;
900 2194 1013 2260 uideas
1042 2200 1148 2261 tumen
1177 2198 1218 2258 A
1242 2197 1315 2262 178.
1339 2197 1414 2263 280.

243 2302 273 2364 Ε
295 2301 369 2366 592.
394 2300 466 2366 757.
491 2301 564 2367 872.
595 2302 688 2367 153.
719 2305 753 2364 N
775 2303 849 2368 316.
872 2303 947 2367 483.
977 2305 1016 2364 Π
1037 2301 1111 2366 517.
1141 2306 1173 2363 Τ
1195 2303 1267 2367 108.
1298 2300 1414 2367 δ253.

242 2428 259 2470 o
286 2406 360 2473 534.
407 2406 523 2472 Contra
536 2407 741 2473 recentiorum
763 2404 921 2495 κρατερὸς
942 2412 1110 2491 posuerunt
1122 2412 1246 2472 tantum
1260 2407 1415 2475 Hesiodus

240 2511 398 2578 Pindarus
421 2512 596 2596 Aeschylus
618 2513 720 2600 (Eum.
735 2515 809 2580 347.
832 2512 1043 2597 Prom.169):
1067 2509 1297 2600 καρτερδςαου
1315 2515 1415 2579 solum

243 2619 329 2704 apud
342 2624 460 2703 poetas,
474 2618 531 2683 sed
545 2619 641 2684 etiam
656 2618 741 2705 apud
755 2619 921 2703 scriptores
933 2619 1088 2703 pedestris
1102 2621 1253 2686 sermonis
1267 2621 1415 2686 usitatum

242 2731 317 2791 erat
363 2724 407 2792 ef.
430 2724 529 2791 Thuc.
559 2727 690 2791 11100.
720 2727 846 2793 11118.
875 2726 978 2794 V65.
1019 2727 1099 2794 Xen.
1122 2727 1203 2794 Heri
1227 2728 1287 2793 VII
1309 2729 1339 2811 4,
1363 2728 1414 2793 22.

242 2831 315 2917 Cyn.
337 2833 354 2898 I
377 2834 407 2912 6,
430 2832 483 2899 25.
528 2833 608 2899 Plet.
631 2833 760 2903 Theact.
783 2854 814 2919 p.
840 2835 902 2899 169
927 2835 965 2899 Β.
988 2834 1108 2901 Phaed
1130 2855 1161 2918 p.
1184 2837 1224 2900 77
1241 2835 1278 2901 Α.
1293 2834 1416 2901 conuiu.

242 2940 308 3005 217
334 2938 368 3005 d.
391 2938 490 3025 (κατὰ
513 2934 552 3004 τὸ
576 2933 752 3027 καρτερόν).
797 2939 877 3007 Plut.
901 2940 1014 3024 (Alcib.
1028 2942 1069 3006 31
1084 2941 1242 3028 καρτερᾶς
1265 2938 1301 3004 δὲ
1313 2935 1417 3026 μάχης

242 3042 434 3131 γενομένης).
480 3045 556 3111 Luc.
579 3047 630 3129 (D.
654 3047 743 3112 Mort
760 3047 868 3112 XXIV
894 3048 935 3131 1).
979 3047 1104 3113 Arrian.
1127 3047 1199 3132 (An.
1223 3048 1284 3113 VH
1308 3048 1358 3132 11,
1373 3045 1416 3131 5).

242 3152 336 3218 Dion.
350 3152 422 3218 Hal.
442 3152 540 3238 (Antt.
553 3152 581 3218 V
596 3151 639 3237 8).
683 3151 788 3231 Quare
800 3172 841 3219 ne
864 3153 897 3218 in
911 3152 1092 3220 Herodoteo'
1112 3152 1240 3236 quidem
1263 3173 1322 3219 usu
1344 3153 1416 3218 miri

242 3258 414 3341 quidquam
436 3258 526 3325 inest.

331 3381 530 3464 καταθύμιος
555 3415 594 3437 =
619 3383 717 3449 animi
740 3382 897 3449 desiderio
920 3383 1120 3468 respondens,
1145 3389 1300 3469 acceptus.
1327 3383 1414 3447 v39

241 3479 478 3576 Ἀναξανδρίδῃ
507 3484 567 3576 γὰρ
599 3483 703 3569 ἔχοντι
733 3489 867 3573 γυναῖκα
897 3487 1055 3578 άδελφεης
1093 3484 1212 3554 ἑαυτοῦ
1248 3484 1414 3575 θυγατέρα,

242 3592 301 3659 καί
326 3592 439 3681 ἐούσης
460 3589 580 3684 ταύτης
602 3589 634 3660 οὶ
657 3591 873 3682 καταθυμίης,
896 3596 1018 3672 παῖδας
1041 3593 1098 3660 οὐκ
1111 3590 1280 3680 ἐγίγνοντο.
1311 3597 1359 3661 ΙΧ
1372 3596 1415 3660 45

245 3697 427 3789 Μαρδονίῳ
448 3723 486 3766 τε
507 3699 566 3767 καί
587 3703 628 3789 τῇ
648 3705 786 3789 στρατιῇ
808 3701 851 3765 τά
866 3702 993 3790 σφάγια
1016 3699 1051 3766 οῦ
1075 3702 1208 3767 δύναται
1231 3702 1417 3793 καταθύμια

243 3804 402 3893 γενέσθαι.
448 3808 554 3875 Uerba
577 3814 649 3874 sunt
670 3808 844 3875 Alexandri
866 3808 1059 3875 Macedonis.
1095 3811 1224 3874 Prorsus
1237 3808 1299 3874 alio
1323 3807 1416 3873 modo

244 3914 329 3999 apud
343 3915 514 3981 Homerum
536 3913 736 3998 καταθύμιος
758 3914 916 3999 significat
938 3915 972 3980 id
995 3915 1079 3999 quod
1103 3916 1154 3981 cui
1176 3916 1210 3980 in
1233 3915 1338 3980 animo
1362 3920 1416 3999 est,

243 4021 327 4105 qnod
350 4027 456 4105 sperat
477 4022 529 4087 uel
558 4022 647 4087 timet
668 4023 721 4088 uel
743 4022 827 4105 quod
845 4021 876 4088 ei
897 4042 991 4088 curae
1005 4029 1059 4089 est.
1096 4022 1141 4089 df.
1164 4026 1199 4084 Κ
1212 4023 1286 4088 383.
1310 4023 1414 4087 Ρ201

245 4128 322 4217 (noli
344 4128 454 4195 timere
477 4149 517 4195 ue
544 4129 697 4213 moriaris,
718 4149 781 4194 non
804 4129 892 4196 timet
913 4150 954 4195 ne
976 4128 1147 4215 moriatur).
1175 4152 1195 4209 χ
1217 4130 1282 4194 392
1319 4127 1417 4213 (quod

110 4222 114 4229 ’
244 4234 323 4299 mihi
346 4254 440 4301 curae
463 4234 531 4320 est).
576 4236 624 4301 Eo
647 4255 740 4302 sensu
761 4236 816 4318 qui
846 4242 893 4302 est
923 4242 1046 4320 gratus,
1075 4255 1165 4301 curus
1194 4236 1320 4321 saepius
1349 4255 1416 4301 uer·
1461 4307 1463 4312 ,

243 4343 318 4407 bum
353 4342 456 4425 posuit
486 4341 647 4425 Theognis
684 4344 772 4431 (617.
807 4342 930 4429 1082.);
967 4362 1068 4424 neque
1099 4341 1134 4406 id
1166 4362 1186 4406 a
1217 4341 1417 4426 scriptoribus

244 4448 360 4514 Ionicis
382 4455 507 4534 praeter
529 4449 678 4515 Nostrum
702 4450 840 4514 alienum
862 4448 957 4515 fuisse
980 4448 1178 4515 Democriteo
1201 4448 1418 4532 comprobatur

245 4555 402 4640 exemplo,
426 4555 463 4622 cf.
486 4555 571 4622 suco.
593 4557 675 4623 Flor.
697 4556 831 4624 LXXVI
856 4557 912 4621 16:
935 4575 1127 4638 quamquam
1157 4554 1294 4621 concedo
1324 4554 1417 4620 facile

244 4681 337 4745 posse
359 4661 456 4728 etiam
478 4662 701 4748 Democritum,
724 4682 806 4745 qnae
828 4661 896 4727 eius
918 4662 977 4727 fuit
998 4661 1156 4729 scribendi
1178 4662 1258 4727 ratio
1283 4661 1337 4747 (de
1354 4681 1418 4743 qua

1239 4767 1256 4821 3
