3492 5358
729 532 775 545 ..
818 472 951 564 ιμ’..

253 704 360 795 λοίγια
391 705 467 797 ἔργα
496 708 567 775 ’τάδ’
597 705 732 775 ἔσσεται
762 707 826 774 οὐδ’
857 705 901 774 ἔτ’
930 707 1057 775 άνεκτά.
1090 710 1136 799 vII
1162 713 1204 777 14
1232 699 1254 799 ἦ
1284 709 1343 799 γάρ
1374 709 1422 798 δή,

253 817 364 884 V150
397 806 481 905 ἤδη
504 826 589 880 νῦν.“
618 819 664 882 wA
687 817 851 902 postremis
886 819 990 884 uerbis
1020 819 1202 884 Cleomenes
1243 818 1361 884 orditur
1392 819 1425 883 in

253 920 414 1007 responso}
437 923 494 990 sed
516 925 549 989 in
572 925 604 989 ΙΙ
630 926 686 1008 14,
718 925 752 989 in
774 923 984 1008 disputatione
1007 924 1048 990 de
1071 925 1138 991 Nili
1160 924 1425 1010 inundationibus,

245 1016 333 1112 ‘quid
355 1030 414 1096 sibi
443 1031 519 1095 uelit
548 1031 672 1114 poetica
701 1031 815 1096 leontio
839 1051 902 1096 non
931 1051 1057 1114 possum
1084 1032 1269 1116 perspicere.
1315 1034 1425 1114 ltaque

255 1137 351 1201 etiam
374 1137 432 1201 hoe
455 1137 586 1202 fortasse
609 1157 627 1202 e
649 1157 792 1202 sermone
814 1136 973 1203 cotidiano
995 1138 1061 1203 fuit.

342 1272 423 1365 κοίη.
470 1279 487 1343 Ι
512 1280 574 1344 130
614 1273 686 1365 κοίη
719 1278 758 1364 δὴ
790 1274 910 1366 κρίνεις
941 1275 1059 1342 Τέλλον
1091 1270 1174 1369 εἶναι
1212 1274 1425 1364 informarem
1486 1350 1488 1354 Α

144 1412 166 1450 “.
254 1383 388 1451 Omnino
431 1406 493 1450 non
537 1392 583 1450 est
629 1385 812 1451 aduerbium
852 1380 934 1473 ποίη
978 1406 1014 1451 eo
1059 1378 1128 1452 loeo
1160 1387 1326 1452 Homerieo
1371 1387 1425 1469 qui
1479 1433 1481 1437 «

255 1491 409 1576 laudatur,
432 1516 462 1553 π
485 1493 550 1557 222
574 1512 617 1573 sq.
1415 1494 1418 1498 ’

396 1593 495 1686 ποίη
518 1598 579 1686 γάρ
601 1607 657 1685 νίν4
678 1597 779 1686 δεῦρο,
803 1597 912 1686 πάτερ
935 1594 1019 1687 φίλε,
1046 1594 1098 1687 νηί
1118 1620 1159 1664 ,σε
1180 1608 1296 1664 ναῦται

414 1700 529 1790 ἤγαγον
551 1699 599 1781 εἰς
617 1696 758 1793 Ἰθάνην;
781 1701 867 1782 τίνες
889 1701 1024 1788 έμμεναι
1048 1704 1271 1791 εὐχετόωνται;

255 1810 321 1877 Sed
344 1811 403 1877 hoe
426 1820 558 1895 apparet
587 1807 669 1899 ποίη
692 1812 722 1879 h.
745 1812 764 1877 l.
796 1814 930 1897 positum
954 1833 1021 1879 esse
1044 1833 1100 1897 pro
1123 1813 1258 1897 simplici
1281 1813 1361 1891 τίνι,
1392 1820 1426 1877 ut

254 1916 340 2000 apud
353 1917 546 1983 Herodotum
559 1914 632 2006 τοίη
647 1920 794 2003 seriptum
817 1926 863 1985 est
885 1940 941 2003 pro
955 1915 1020 1983 τίνι
1039 1915 1166 2008 (αἰτίη),
1189 1922 1238 2007 τῇ.
1278 1921 1426 1986 Conferas

255 2043 294 2089 ea
317 2043 399 2105 qnae
422 2023 586 2090 adnotauit
608 2025 768 2092 Steinius.·
831 2058 834 2064 ’

343 2165 361 2201 *
384 2167 433 2230 De
447 2164 531 2253 μέτα
554 2165 628 2231 uide
651 2186 673 2233 s.
688 2186 717 2233 u.
742 2160 797 2229 ένι.
835 2168 896 2232 VH
912 2166 973 2231 157
997 2155 1096 2254 μοῖρά
1120 2189 1172 2230 τοι
1196 2178 1253 2255 τῆς
1272 2162 1427 2244 Ἑλλάδος

256 2270 312 2335 οὐκ
343 2268 496 2361 ἐλαχίστη
535 2270 620 2354 μέτα
658 2274 754 2338 uerba
786 2279 857 2338 sunt
892 2274 1066 2357 legatorum
1097 2274 1426 2341 Lacedaemoniorum.

255 2379 300 2446 Oi.
323 2380 339 2443 I
363 2381 404 2444 88
430 2377 603 2466 οὐδὲνγὰρ
626 2376 699 2461 ἐμοὶ
722 2373 795 2443 έστι
818 2380 937 2443 τούτοιν
959 2378 1053 2461 μέτα,
1077 2383 1175 2447 uerba
1199 2381 1313 2448 Croesi.
1363 2384 1424 2449 171

232 2468 236 2475 ’
254 2484 400 2548 τούτοισι
420 2481 479 2567 μέν
493 2484 533 2572 δὴ
546 2481 705 2566 μέτεστιν,
732 2484 802 2548 ὅσοι
820 2483 857 2549 δὲ
871 2482 978 2562 ἐόντες
992 2484 1089 2550 άλλου
1103 2481 1207 2563 έθνεος
1222 2485 1426 2572 ὁμόγλωσσοι

254 2593 343 2654 τοῖσι
367 2589 493 2678 Καρσὶν
516 2589 667 2676 ἐγένοντο,
701 2591 848 2656 τούτοισι
881 2588 918 2655 δὲ
949 2590 985 2656 οὐ
1016 2591 1110 2673 μέτα,
1143 2594 1286 2661 auctoris.
1329 2598 1360 2656 Φ
1383 2597 1425 2660 93

255 2697 364 2784 (semel
388 2696 473 2782 apud
496 2699 688 2785 Homerum).

344 2832 435 2923 (ὅσον
467 2838 493 2902 τ’
525 2837 583 2903 ε’πὶ
623 2873 662 2894 =
700 2840 871 2927 beil'dufig.)
926 2840 969 2905 IV
999 2842 1042 2905 62
1087 2839 1253 2928 φρυγάνων
1290 2839 1427 2929 φάκελοι

256 2943 458 3011 συννενέαται
488 2940 563 3011 ὅσον
584 2946 612 3009 τ’
636 2943 695 3010 ἐπὶ
718 2943 871 3023 σταδίους
901 2949 987 3035 τρεῖς
1010 2959 1111 3034 μῆκος
1138 2945 1196 3011 καὶ
1218 2937 1317 3036 εὖρος,
1342 2948 1427 3035 ὕψος

258 3050 293 3116 δὲ
324 3047 470 3116 έλασσσν.
516 3054 586 3119 Ηοο
614 3074 677 3118 non
707 3060 780 3138 apte
810 3060 884 3138 puto
915 3054 1056 3118 attulisse
1085 3054 1243 3123 Hoferum.
1288 3054 1427 3120 Primum

257 3160 340 3225 enim
372 3160 516 3243 exempla
547 3160 717 3237 Homerica
733 3161 841 3244 plene
874 3160 954 3225 alins
991 3161 1115 3244 generis
1147 3166 1225 3228 suni.
1282 3160 1426 3227 Ooneedo

255 3267 287 3330 in
311 3289 327 3327 ν
352 3268 415 3331 113

481 3390 485 3396 ‚
921 3318 1021 3408 ἡμὲν
1043 3315 1162 3385 ἔπειτα
1211 3330 1215 3337 “

285 3436 287 3439 ’
468 3422 593 3515 ἠπείρῳ
616 3423 798 3506 ἐπέκελσεν,
825 3421 901 3491 ὅσον
923 3426 950 3490 τ’
974 3424 1032 3491 έπί
1055 3428 1155 3516 ἥμισυ
1177 3425 1297 3516 πάσης,

371 3519 375 3523 ’
470 3529 678 3622 σπερχομένη,

255 3657 356 3744 ἣμισυ
385 3677 477 3741 posse
509 3677 577 3725 esse
600 3659 813 3724 aeensatiuum
845 3679 917 3725 oum
940 3656 1000 3723 ἐπὶ
1032 3659 1244 3726 coniunctum:
1279 3658 1363 3741 qnod
1394 3658 1428 3722 in

258 3764 530 3848 w2501egitu'r-

415 3884 581 3981 ῌηλείάης
604 3887 785 3978 άπάρσυσεν
809 3889 883 3953 ὅσον
905 3889 932 3953 τ’
957 3888 1015 3953 έπί
1039 3887 1153 3977 δουρὸς
1176 3888 1266 3977 ἐρωή,

257 4020 400 4098 apertum
414 4020 460 4079 est
475 4013 549 4078 ὅσον
562 4013 590 4078 τ’
605 4012 664 4078 ἐπὶ
682 4016 816 4099 positum
831 4035 898 4081 esse
911 4035 968 4100 pro
983 4013 1069 4102 (ἐπὶ)
1093 4012 1261 4079 sororini
1276 4012 1350 4078 ὅσον
1373 4014 1427 4097 (re)

256 4126 288 4185 et
310 4120 516 4204 supplendum
539 4140 607 4187 esse
630 4123 759 4188 uerbum
783 4117 936 4206 γίγνεται.
972 4122 1017 4188 Of.
1044 4122 1159 4188 0358.
1184 4125 1214 4184 Γ
1227 4123 1275 4187 12.
1305 4124 1339 4184 Κ
1353 4121 1426 4186 351.

256 4226 285 4314 (ε
300 4228 373 4295 251.
389 4226 513 4315 11772).
541 4227 646 4305 Quare
660 4228 794 4294 eandem
809 4228 988 4313 explicandi
1001 4229 1152 4294 rationem
1168 4228 1263 4293 etiem
1279 4226 1322 4292 ad
1335 4251 1352 4289 v
1364 4230 1426 4292 113

256 4318 453 4400 adhibuerim
468 4335 590 4420 (suppl.
614 4328 755 4423 ἔπλετο).
801 4335 926 4401 Deinde
949 4336 1038 4400 utin
1062 4335 1181 4400 Graeco
1212 4328 1288 4398 ὅσον
1317 4333 1345 4396 τ’
1369 4331 1428 4396 ἐπὶ

255 4441 375 4505 nullum
398 4448 444 4507 est
467 4437 665 4524 aduerbium:
689 4443 734 4507 ita
757 4462 797 4511 ne
820 4462 876 4508 nos
899 4441 1025 4525 quidem
1044 4441 1079 4507 id
1092 4441 1242 4507 eduerbio
1257 4442 1428 4526 exprimere

257 4547 416 4614 debemus.
461 4549 546 4615 Nem
569 4546 628 4613 ἐπὶ
651 4550 738 4614 iuxta
761 4549 976 4615 aecusatiuum
998 4549 1093 4633 spatii
1115 4570 1177 4615 non
1207 4548 1241 4613 id
1271 4546 1429 4630 signifieat

257 4654 340 4737 quod
362 4655 544 4720 Latinorum
567 4654 616 4721 ed
640 4657 691 4721 uel
714 4656 899 4739 eireiter,
922 4655 979 4721 sed
1002 4656 1184 4739 idemqnod
1207 4662 1344 4720 nostrum
1366 4654 1428 4719 bis
