3492 5358
356 1594 466 1690 Uoces
495 1618 603 1704 epicas
633 1620 673 1686 ab
695 1618 854 1686 Herodoto
881 1615 1039 1685 interdum
1065 1635 1134 1683 csse
1163 1621 1328 1701 usurpatas
1360 1636 1441 1682 com·
1521 1706 1526 1715 ⁴

267 1728 408 1813 pluribus
431 1727 582 1811 exemplis
606 1725 820 1794 confirmatur:
847 1744 949 1808 neque
971 1744 1053 1808 nego
1076 1743 1167 1808 posse
1190 1744 1261 1790 cum
1284 1722 1386 1790 uideri
1408 1724 1442 1789 in

267 1835 329 1901 hac
352 1855 386 1901 re
415 1833 450 1899 id
474 1834 576 1917 egisse
591 1840 625 1900 ut
638 1833 799 1917 quandam
811 1833 968 1919 poeticam
981 1831 1131 1898 orationis
1146 1831 1283 1916 speciem
1297 1829 1441 1898 efficeret.

269 1943 354 2008 Nam
376 1947 551 2007 nostrorum
573 1940 757 2026 scriptorum
780 1940 808 2006 si
831 1941 900 2023 quis
922 1959 979 2025 pro
1000 1937 1197 2025 „M'adchcffl
1209 1944 1304 2024 ponet
1316 1928 1441 2023 „Maid‘

267 2049 319 2115 uel
355 2068 411 2133 pro
448 2048 641 2133 ‚,Jungfrau“
677 2046 813 2134 „Magd“
840 2047 967 2130 aliaque
1002 2046 1158 2113 uocabula
1194 2046 1296 2131 poetis
1337 2046 1442 2129 magis

267 2175 363 2238 quam
377 2153 532 2240 pedestris
546 2155 697 2221 sermonis
712 2155 890 2221 auctoribus
905 2154 1028 2239 usitata,
1043 2158 1140 2220 totam
1152 2153 1258 2219 statim
1269 2152 1442 2219 orationem

267 2262 405 2345 quodam
428 2262 551 2347 poetico
575 2263 677 2329 colore
699 2262 848 2328 imbuisse
877 2261 1005 2327 cuilibet
1033 2259 1199 2327 uidebitur.
1244 2259 1442 2342 Quamquam

267 2369 403 2436 maximo
437 2389 531 2454 opere
566 2367 741 2436 cauendum
773 2375 820 2436 est
850 2389 891 2435 ne
924 2368 1030 2435 omnia
1062 2368 1160 2434 uerba
1192 2387 1274 2450 quae
1305 2368 1443 2433 Homero

266 2475 487 2558 Herodotoque
509 2481 580 2542 sunt
603 2475 793 2561 communia,
826 2496 897 2542 cum
929 2474 1015 2561 apud
1049 2481 1167 2541 ceteros
1190 2475 1354 2560 scriptores
1377 2476 1442 2541 fere

266 2604 328 2649 non
350 2583 565 2669 inueniantur‚
597 2583 767 2650 Homerica
798 2603 867 2650 esse
898 2581 1135 2648 contendamus:
1167 2582 1278 2667 immo,
1310 2582 1372 2647 nisi
1404 2603 1443 2648 ex

266 2690 365 2775 ipsius
386 2690 449 2757 loci
471 2691 592 2757 ratione
615 2696 762 2776 apparet,
793 2710 855 2773 quo
878 2684 1020 2756 consilio*
1038 2690 1141 2774 posita
1164 2690 1205 2755 sit
1226 2710 1288 2756 uox
1309 2690 1442 2776 poetica,

267 2798 319 2864 uel
342 2777 404 2863 nisi
426 2797 496 2883 ipsa
518 2800 619 2865 forma
648 2798 778 2864 uerbum
802 2798 997 2864 conuincitur
1028 2817 1097 2864 esse
1128 2797 1297 2882 poeticum,
1327 2798 1441 2864 ocresi-

266 2904 371 2970 milius
395 2911 442 2971 est
464 2906 652 2972 uocabulum
680 2906 744 2971 tale
766 2904 862 2972 fuisse
891 2905 925 2971 in
946 2925 1005 2970 usu
1027 2906 1139 2971 Ionum
1162 2905 1293 2989 uolgari.
1338 2903 1442 2982 Quare

266 3012 435 3099 Hcfcrus1)
467 3032 537 3079 cum
566 3012 644 3079 satis
672 3012 818 3079 habuerit
849 3033 1000 3096 magnum
1030 3033 1192 3079 numerum
1222 3013 1379 3097 „uocum“‚
1409 3018 1443 3077 ut

267 3119 320 3205 ait,
349 3119 598 3206 „communium“
629 3118 860 3207 (gemeinsame
882 3121 1106 3205 Worrsormen,
1138 3141 1169 3205 p.
1195 3122 1235 3186 12
1259 3118 1339 3208 sqq.)
1372 3140 1441 3185 con-

267 3228 416 3311 gessisse,
447 3246 519 3312 „um
549 3226 740 3313 darauthuu,
780 3227 854 3293 dass
883 3226 1024 3293 Herodct
1054 3226 1153 3293 durch
1184 3226 1246 3294 den
1276 3228 1442 3294 Gebrauch

266 3332 364 3400 uielcr
400 3333 615 3401 homerischer
646 3336 854 3401 Wcrtformen
895 3335 965 3401 eine
1006 3333 1178 3401 besondere
1210 3334 1355 3401 Vorliebe
1393 3336 1442 3399 flu·

266 3440 383 3507 Homer
405 3441 521 3528 neige“,
544 3462 653 3508 uereor
676 3462 716 3508 ne
738 3462 850 3526 parum
873 3462 969 3526 opera
989 3461 1047 3507 sua
1067 3441 1108 3507 sit
1121 3448 1288 3510 assecutus.
1326 3442 1442 3508 Contra

266 3547 418 3614 Steinium
441 3534 559 3634 laudoj
576 3549 630 3631 qui
652 3549 686 3613 in
709 3547 847 3617 editione
861 3550 1083 3616 commentario
1096 3549 1247 3616 instructa
1270 3570 1342 3616 cum
1355 3548 1442 3615 haud

265 3675 387 3740 paucas
419 3657 493 3722 clim
529 3676 624 3723 uoces
656 3676 724 3722 esse
759 3657 900 3741 poeticas
933 3655 1151 3742 affirmauerd,
1188 3656 1321 3723 tacendo
1358 3663 1441 3723 certe

267 3782 387 3841 errasse
410 3783 445 3829 se
467 3764 537 3848 plus
559 3784 621 3829 uno
644 3764 712 3830 loco
735 3784 817 3829 nunc
841 3763 1011 3829 confitetur.
1056 3763 1205 3842 Quaestio
1235 3764 1336 3829 omnis
1365 3785 1441 3831 sanc

266 3869 343 3935 satis
366 3890 485 3953 magna
509 3876 567 3956 est,
590 3890 686 3953 quarn
709 3891 749 3937 ne
777 3891 836 3955 ego
860 3870 1005 3953 equidem
1028 3891 1151 3956 sperem
1178 3892 1230 3937 me
1258 3872 1353 3956 plane
1375 3871 1441 3936 iam

265 3995 357 4060 posse
380 3977 559 4043 absoluere:
588 3999 663 4043 nam
686 3984 858 4044 ceterorum
881 3979 991 4044 Ionum
1024 3979 1142 4063 scripta
1173 3998 1255 4060 quae
1277 3986 1442 4064 supersunt

266 4088 413 4149 accurate
436 4084 582 4168 cognosci
606 4084 778 4170 debebant,
808 4085 962 4171 imprimis
991 4084 1205 4171 Hippocratis,
1235 4086 1383 4168 quoniam
1413 4087 1441 4152 si

266 4189 342 4272 quid
365 4190 452 4276 apud
466 4191 660 4259 Herodotum
683 4193 829 4259 uocabuli
852 4193 1011 4260 uideretur
1033 4214 1101 4260 esse
1124 4178 1280 4279 poeticum
1294 4192 1440 4276 idemque

266 4297 421 4381 legeretur
444 4298 530 4384 apud
553 4299 792 4385 Hippocratem,
822 4301 882 4367 hoc
905 4299 1031 4384 quidem
1062 4308 1145 4367 certe
1168 4321 1231 4367 non
1254 4322 1322 4368 esse
1344 4303 1441 4387 poeti-

266 4423 337 4470 cum
369 4426 419 4472 me
451 4405 557 4473 docuit
589 4405 811 4474 Kirchhcffius.
870 4406 936 4475 Sed
972 4428 1073 4491 neque
1109 4414 1232 4494 tempus
1263 4409 1341 4474 mihi
1373 4415 1441 4475 erat

355 4598 376 4671 ¹)
396 4599 551 4658 Cassian
568 4601 697 4673 Hofer,
722 4591 799 4659 Uber·
822 4602 867 4658 die
889 4601 1131 4660 Vcrwaudtschaft
1155 4603 1205 4658 des
1230 4602 1439 4659 herodotisohcn

266 4687 348 4744 Stilea
366 4690 416 4746 mit
434 4691 498 4746 dem
515 4691 712 4748 homerischen.
749 4693 846 4762 Progr.
865 4692 959 4747 Menan
978 4693 1057 4748 1878.

1262 4801 1278 4853 1
