3492 5358
720 467 941 534 1129..Η

247 677 319 746 Eur.
347 677 380 743 iu
408 676 480 744 Tro.
503 680 568 744 595
599 674 675 762 ζυγὰ
707 676 733 741 δ’
757 674 849 764 ἤνυσε
879 678 991 743 δούλια
1018 674 1146 765 Τροία);
1178 678 1289 745 uideas
1320 677 1416 745 etiam

247 784 428 867 Ag.1037.
474 785 568 850 (ihoc.
600 788 652 851 70.
696 784 792 868 Soph.
814 784 963 851 11499.
1006 785 1062 850 Est
1090 786 1211 851 Xerxes
1237 806 1293 851 rex
1323 805 1416 868 quem

247 888 424 955 Herodotus
459 890 535 959 facit
570 889 603 954 in
639 890 778 955 oratioue
814 890 891 955 satis
926 891 1063 976 expolita
1104 896 1270 974 ponentem
1306 910 1415 958 uocem

247 995 403 1079 poeticam
425 995 494 1060 siue
516 995 702 1062 locutionem
726 994 866 1081 (δούλιον
890 994 1001 1081 ζυγόν).

335 1149 475 1240 ἐναργής.
520 1157 552 1221 V
576 1158 619 1220 55
643 1147 824 1240 Ἵππαρχον
853 1152 909 1218 τὸν
938 1147 1197 1241 Πεισιστράτου,
1226 1149 1350 1218 Ἱππίω
1381 1152 1417 1219 δὲ

247 1261 304 1322 τοῦ
327 1247 476 1346 τυράννου
499 1251 656 1347 ἀδελφεὸν
680 1255 792 1324 ἰδόντα
813 1255 896 1347 όψιν
918 1255 1066 1323 ἐνυπνίου
1090 1259 1147 1346 [τῷ
1169 1254 1288 1324 ἐωυτοῦ
1301 1255 1415 1347 πάθει]

247 1360 478 1453 ἐναργεστάτην
507 1361 685 1428 κτείνουσιν
703 1358 953 1449 Ἀριστογείτων
981 1362 1039 1429 καὶ
1057 1359 1244 1452 Ἁρμόδιος.
1289 1369 1350 1433 VII
1373 1367 1414 1431 47

248 1463 282 1533 εἴ
305 1492 357 1534 τοι
385 1469 405 1555 ἡ
434 1464 515 1552 όιγις
541 1473 599 1533 τοῦ
629 1466 776 1533 ἐνυπνίου
805 1472 850 1557 μὴ
878 1468 1008 1557 ἐναργὴς
1041 1470 1122 1533 οὕτω
1154 1465 1265 1558 ἐφάνη.
1311 1471 1417 1536 Uerba

246 1575 369 1641 Xerxis.
397 1566 548 1662 Ἐναργὴς
564 1608 603 1630 =
619 1576 801 1641 manifestus
816 1575 981 1659 (deutlich,
1004 1575 1183 1662 Ieibhastig)
1197 1576 1292 1641 fuisse
1306 1596 1414 1642 uocem

247 1680 288 1746 de
302 1681 430 1746 somniis
443 1682 591 1746 usitatam
606 1687 688 1746 recte
701 1682 820 1746 monuit
833 1681 970 1748 Steiuius
983 1681 1038 1763 qui
1062 1682 1190 1746 contulit
1204 1681 1299 1746 etiam
1315 1681 1335 1745 ό
1349 1683 1411 1747 841

249 1787 292 1861 ὥς
306 1780 336 1849 ολ
352 1783 478 1873 ἐναργές
491 1781 612 1873 ῦνειρον
625 1784 788 1852 ἐπέσσυτο
802 1794 833 1852 ct
846 1787 958 1853 Aesch.
967 1789 1051 1855 Pers.
1064 1789 1126 1853 179
1136 1806 1182 1869 sq.
1196 1778 1263 1851 ἀλλ’
1278 1784 1347 1850 οῦτι
1361 1810 1417 1849 πω

247 1886 366 1956 τοιόνδ’
381 1888 509 1977 ἐναργὲς
521 1887 653 1981 εἰδόμην
666 1891 722 1979 (sc.
731 1887 821 1979 όναρ)
837 1892 881 1968 ὡς
894 1895 954 1980 τῆς
966 1888 1123 1979 πάροιθεν
1136 1887 1298 1980 εὐφρόνης.
1322 1875 1416 1957 Addo

247 1998 326 2062 Plat.
351 1998 424 2063 eric
446 2018 477 2081 p.
499 1999 543 2062 44
566 1999 592 2062 Β
624 2001 693 2065 ΚΡ.
718 1997 761 2073 ὡς
785 1996 909 2062 άτοπον
931 1996 970 2063 τὸ
993 1995 1153 2076 ἐνύπνιον,
1183 1991 1209 2060 ὦ
1234 1996 1412 2084 Σώκρατες.

248 2103 316 2164 ΣΩ.
341 2099 469 2188 ἐναργὲς
490 2101 548 2183 μὲν
572 2093 634 2181 οῦν,
660 2103 704 2179 ὥς
726 2102 753 2188 γ’
777 2100 849 2185 ἐμοὶ
874 2104 972 2181 δοκεῖ,
998 2093 1024 2166 ὦ
1047 2105 1184 2190 Κρίτων.
1222 2103 1415 2169 Aduerbium

245 2208 346 2275 *habes
368 2210 401 2273 in
416 2212 490 2276 VIII
505 2213 545 2275 77
571 2206 606 2273 οῦ
627 2205 818 2292 βουλόμενος
838 2206 991 2296 ἐναργέως
1004 2206 1155 2293 λέγοντας
1177 2209 1232 2297 (sc.
1244 2211 1416 2297 χρησμούς)

247 2317 428 2401 πειρᾶσθαι
451 2310 675 2397 καταβάλλειν.
712 2316 880 2382 Praeterea
903 2316 1087 2382 uocabulum
1111 2316 1225 2399 legItur
1247 2315 1280 2379 iu
1303 2318 1331 2376 Y
1345 2316 1416 2398 131,

154 2446 158 2452 ·
248 2443 267 2504 γ
290 2421 364 2500 420,
387 2444 407 2509 η
430 2423 504 2499 201,
527 2442 556 2482 π
581 2422 642 2486 161
673 2427 704 2486 et
734 2422 860 2505 saepius
882 2421 967 2506 apud
989 2427 1112 2505 poetas:
1143 2440 1201 2486 nec
1230 2440 1301 2485 raro
1331 2419 1416 2504 apud

248 2526 411 2591 Platonem
435 2526 485 2611 (cf.
508 2525 628 2592 Phaed.
650 2547 679 2609 p.
704 2530 744 2593 λλ
769 2528 808 2610 Α)
842 2533 872 2592 et
898 2526 1086 2592 receufiorcs
1115 2526 1278 2609 scriptores
1307 2525 1355 2610 (ut
1383 2526 1416 2590 iu

248 2631 358 2715 Polyb.
381 2634 426 2698 IV
450 2633 478 2714 8,
502 2634 532 2697 4.
559 2633 633 2698 Luc.
655 2633 791 2716 Philops,
817 2634 887 2717 13),
911 2638 965 2697 aut
988 2630 1073 2716 apud
1096 2637 1233 2697 oratores
1259 2632 1302 2717 (u.
1325 2631 1416 2697 Dem.

249 2739 328 2803 XIV
350 2739 382 2802 4.
426 2739 505 2803 XIX
528 2739 601 2804 263.
647 2738 759 2804 Aesch.
783 2740 825 2803 III
859 2738 950 2821 lup:
985 2743 1093 2820 atque,
1116 2735 1152 2801 id
1174 2737 1258 2818 quod
1279 2738 1416 2801 maxime

246 2841 421 2913 notandum
444 2848 505 2926 est,
538 2863 577 2908 ue
609 2844 649 2908 ab
672 2844 863 2927 Hippocrate
893 2842 1019 2925 quidem
1049 2848 1096 2908 est
1118 2843 1263 2909 alienum.
1308 2846 1416 2924 laune

247 2948 328 3013 nihil
350 2953 411 3031 est,
444 2968 499 3014 our
521 2949 650 3014 uerbum
679 2949 774 3014 fuisse
803 2949 960 3033 poeticum
990 2953 1171 3013 statuamus.
1217 2948 1360 3014 Ceterum
1382 2948 1416 3012 iu

248 3056 280 3120 V
304 3054 347 3119 55
370 3054 468 3120 uerba
490 3056 538 3137 τῷ
561 3047 680 3118 ἑαυτοῦ
702 3053 806 3119 πάθει
829 3056 881 3137 qui
905 3055 1060 3139 potuerint
1082 3055 1161 3119 falso
1184 3054 1328 3138 irrepere,
1353 3073 1415 3118 non

247 3159 410 3243 intellego:
450 3160 510 3224 uisi
540 3160 618 3226 forte
646 3160 848 3244 interpolator
876 3162 1008 3244 putabat
1036 3156 1168 3246 ἐναργὴς
1195 3158 1282 3224 idem
1310 3161 1416 3225 ualere

247 3264 331 3346 quod
368 3265 486 3332 similis.
540 3267 619 3331 Puto
657 3266 753 3350 igitur
785 3272 839 3330 aut
870 3265 1067 3332 scribendum
1099 3284 1167 3330 csse
1203 3267 1260 3328 τοῦ
1297 3258 1416 3328 ἑωυτοῦ

247 3368 356 3434 πάθεα
400 3375 468 3448 aut,
513 3371 597 3453 quod
641 3371 768 3454 quidem
820 3372 1019 3436 uerisimIIIus
1069 3370 1208 3454 uidetur,
1261 3370 1416 3435 defectum

249 3475 462 3542 statuendum:
494 3477 591 3541 ueluti
622 3476 797 3541 Herodotus
832 3482 934 3560 potest
969 3477 1129 3560 scripsisse
1159 3470 1240 3562 όψιν
1269 3470 1416 3539 ἐνυπνίου

249 3583 297 3664 τῷ
320 3574 438 3644 ἑωυτοῦ
461 3576 564 3645 πάθει
588 3578 830 3669 ἐμφερεστάτην
852 3583 903 3666 (τε
925 3579 996 3669 καί)
1019 3578 1261 3669 ἐναργεστάτην.
1271 3580 1291 3649 ¹)
1335 3580 1416 3646 Aliis

247 3687 313 3751 alia
337 3687 513 3769 placebunt.

337 3841 497 3931 ἐπήβολος
531 3878 570 3899 =
605 3866 739 3930 compos
771 3849 846 3914 VIII
880 3848 940 3911 111
975 3843 1033 3909 καὶ
1063 3844 1181 3909 τούτων
1226 3847 1291 3907 τιῦν
1336 3848 1415 3909 θεῶν

248 3946 429 4035 ἐπηβόλους
452 3947 563 4027 ἐόντας
581 3945 746 4039 Ἀνδρίους
768 3948 804 4015 οῦ
828 3949 946 4016 δώσειν
966 3950 1123 4038 χρήματα.
1161 3953 1207 4017 IX
1230 3952 1274 4015 94
1295 3950 1416 4014 τούτων

249 4053 286 4119 δέ
308 4050 371 4142 ἐφη
393 4052 552 4142 ἐπήβολος
580 4055 745 4140 γενόμενος
766 4060 824 4120 τοῦ
846 4057 967 4121 λοιποῦ
997 4055 1151 4142 ἀμήνιτος
1180 4046 1273 4118 εἶναι.
1320 4055 1415 4140 Apud

246 4162 415 4229 Homerum
446 4162 481 4227 id
513 4183 634 4245 quoque
664 4170 710 4228 est
742 4161 837 4240 άπαξ
863 4158 1038 4251 εἰρημένω,
1073 4163 1110 4227 cf.
1140 4164 1258 4243 β319.
1311 4163 1415 4228 Schol.

249 4265 384 4355 άττικην
416 4258 500 4331 εἶναι
538 4269 595 4356 την
630 4267 717 4346 λέξιν
750 4266 848 4355 φησίν
881 4267 898 4331 ὁ
929 4269 1149 4355 Πορηνόριος·4
1169 4266 1260 4355 δηλοῖ
1292 4265 1330 4331 δέ
1360 4268 1416 4332 τὸν

248 4369 401 4462 ἐπιτυχῆ,
435 4372 507 4438 άπὸ
537 4377 595 4438 τοῦ
624 4373 774 4456 βάλλειν,
811 4373 962 4439 τουτέστι
993 4376 1051 4437 τοῦ
1082 4375 1211 4437 σκοποῦ
1241 4372 1414 4457 τυγχάνειν.

247 4533 407 4544 --.-..

319 4599 339 4672 ¹)
357 4620 386 4652 τε
404 4607 450 4653 καὶ
468 4607 561 4670 potest
581 4603 679 4657 omitti.
715 4599 757 4657 Of.
775 4602 801 4658 V
819 4603 853 4655 83
870 4607 976 4672 χοροῖσι
994 4608 1172 4674 γυναικηίοισι
1191 4609 1378 4671 κερτομίοισιν.
