3492 5358
723 466 946 530 ..43-

249 678 339 744 uerbi
361 683 482 742 tantum
505 676 599 742 modo
621 696 678 742 usu
701 677 852 745 sermonis
867 676 1030 742 communi.
1076 675 1122 740 uf.
1136 675 1283 759 Hippoor.
1312 672 1421 762 (πρός-

250 807 340 872 φατα
364 782 498 872 ἄλφιτα,
523 781 623 870 νιρέα).
669 784 741 869 Lys.
764 784 873 849 XVIII
898 785 947 850 19.
985 784 1075 849 Dem.
1097 804 1127 867 p.
1153 781 1227 864 551,
1253 781 1302 848 15.
1333 782 1421 869 (788,

249 891 315 977 22).
339 891 433 956 Arist.
455 891 534 957 Hist.
558 891 653 956 Aul
680 891 727 954 15.
751 891 800 955 ΙΙΙ
826 892 853 955 1.
876 890 977 957 Probi.
1000 889 1063 954 XX
1088 891 1114 954 1.
1138 889 1217 953 XXI
1240 888 1270 952 4.
1292 888 1420 954 Meteur.

249 999 265 1063 Ι
291 999 341 1064 14.
372 997 480 1081 Polyb.
504 998 553 1062 ΙΙΙ
577 996 628 1081 55,
655 1001 680 1063 1.
723 996 817 1061 Diod.
840 996 889 1061 III
915 998 942 1062 1.
974 996 1053 1060 Plut.
1076 995 1152 1061 Mur.
1175 1014 1205 1078 p.
1229 996 1272 1059 60
1296 993 1321 1059 G
1352 1000 1422 1060 oett.
1496 1017 1497 1022 ¹

248 1105 414 1169 Poetarum
437 1104 522 1167 loeus
544 1103 638 1187 plane
661 1102 777 1168 omitto.

339 1260 493 1342 σχέτλιος.
540 1263 589 1327 III
615 1264 677 1328 108
704 1260 764 1325 όσα
787 1258 846 1344 μὲν
875 1261 935 1348 γὰρ
964 1259 1067 1347 ψνχὴν
1089 1282 1125 1323 τε
1149 1258 1242 1323 δειλὰ
1264 1256 1322 1323 ταὶ
1345 1256 1421 1323 ἕόώ-

251 1368 341 1450 διμα,
366 1378 470 1432 ταῦτα
497 1365 556 1450 μὲν
582 1366 694 1432 πάντα
723 1368 884 1453 πολύγονα
915 1362 1112 1455 πεποίηκεν,
1136 1365 1189 1429 ἵνα
1211 1365 1255 1451 μὴ
1279 1361 1423 1453 ἐπιλίπῃ

250 1474 494 1557 νατεσθιόμενα,
528 1473 587 1538 όσα
612 1472 647 1539 δὲ
680 1472 812 1555 σχέτλια
841 1471 899 1537 καί
929 1471 1054 1561 ἀνιηρά,
1080 1469 1258 1557 ὀλιγόγονα.
1307 1472 1370 1537 155
1396 1461 1422 1535 ὦ

251 1580 467 1663 σχετλιώτατε
491 1580 623 1669 ἀνδρῶν,
655 1580 738 1669 ἔργῳ
767 1584 814 1665 τῷ
845 1575 1004 1665 αἰσχίστῳ
1034 1575 1152 1662 οίίνομα
1181 1578 1220 1643 τὸ
1248 1576 1423 1642 κάλλιστον

250 1684 329 1767 ἕθεν,
355 1689 421 1777 φὰς
436 1688 493 1752 διὰ
512 1689 585 1764 τοὺς
598 1679 887 1775 πολιορλεομίνοος
902 1682 1040 1751 σειοοτὸν
1054 1683 1237 1773 ἀνηκέστως
1251 1685 1421 1749 διαθεῖναι.

250 1797 356 1862 Uerba
379 1801 449 1861 sunt
472 1796 570 1861 Darei
593 1796 685 1877 regis,
731 1795 775 1860 VI
801 1794 862 1860 138
893 1791 1080 1876 νενόμισται
1111 1791 1172 1856 οἷνὰ
1202 1791 1259 1878 τὴν
1281 1784 1422 1856 Ἐλλάδα

249 1902 291 1965 τὰ
315 1899 447 1982 σχέτλια
477 1896 553 1989 ἔργα
575 1899 686 1963 πάντα
708 1900 847 1991 Λήμνια
870 1899 1052 1964 καλεῖσθαι.
1099 1900 1237 1965 Uerbum
1260 1899 1422 1964 usiIatissi

251 2030 335 2074 mum
359 2029 427 2099 esee
450 2008 536 2093 apud
559 2009 744 2092 Homerum,
775 2007 913 2073 maxime
942 2007 982 2072 iis
1011 2007 1188 2072 notionibus
1220 2025 1298 2089 quas
1327 2006 1423 2071 habet

251 2116 347 2180 etiem
371 2115 457 2200 apud
479 2116 626 2180 Nostrum
652 2146 690 2167 =
716 2113 831 2199 audarr,
854 2114 1019 2198 improbust,
1043 2114 1198 2198 seelestua
1221 2114 1302 2178 inter
1316 2132 1422 2178 omues

253 2227 383 2288 constat.
429 2221 494 2287 Sed
526 2221 640 2287 dieitur
671 2221 735 2286 fere
768 2220 809 2286 de
837 2221 1015 2286 hominibus
1044 2219 1153 2285 deisue
1183 2219 1264 2302 solia,
1297 2239 1359 2283 non
1382 2217 1422 2283 de

249 2329 357 2393 bestiis
381 2334 436 2393 aut
458 2327 498 2393 de
526 2327 731 2393 facinoribus:
760 2327 822 2391 uisi
851 2326 935 2408 quod
965 2324 1098 2406 σχέτλια
1121 2320 1196 2413 ἔργα
1226 2326 1424 2409 appellantur

250 2436 283 2500 in
308 2458 321 2497 ι
344 2434 419 2500 295.
452 2432 534 2510 ξ83
568 2434 651 2520 (opp.
684 2427 804 2514 αίσιμα
828 2427 927 2520 ἔργα).
972 2455 993 2511 χ
1022 2434 1087 2498 413
1121 2434 1176 2520 (=
1201 2426 1422 2515 ἀτασθαλίαι),

252 2542 288 2608 cf.
313 2541 413 2616 ὕπνος
437 2538 583 2619 σχέτλιος
607 2538 787 2628 (nefandus)
810 2562 831 2602 a
845 2541 896 2606 69.
941 2538 994 2604 Ad
1016 2539 1159 2605 homines
1172 2543 1277 2603 autem
1292 2537 1423 2603 referen-

252 2647 327 2712 dum
359 2647 455 2712 etiam
487 2667 507 2712 a
539 2647 738 2731 scriptoribus
775 2652 806 2712 et
837 2646 1011 2711 oratoribus
1042 2645 1155 2710 Attiois
1190 2644 1322 2729 ponitur.
1377 2644 1423 2709 uf.

250 2754 379 2838 Antiph.
401 2775 430 2839 p.
457 2755 528 2836 147,
553 2756 582 2819 3.
628 2753 748 2819 Audoo.
772 2774 802 2837 p.
828 2755 877 2837 16,
901 2754 952 2819 24.
976 2753 1055 2819 Plat.
1078 2752 1177 2835 Legg.
1199 2753 1230 2817 X
1253 2772 1282 2836 p.
1306 2752 1370 2817 903
1389 2750 1423 2817 0.

250 2862 343 2945 Hipp.
367 2861 441 2927 Mai.
464 2881 494 2944 p.
517 2862 582 2926 289
605 2861 640 2927 Ε.
664 2861 757 2926 Isoor.
781 2881 810 2944 p.
837 2861 899 2924 103
916 2860 952 2924 Α.
977 2860 1065 2926 Dem.
1080 2880 1109 2943 p.
1131 2860 1204 2941 842,
1231 2860 1258 2924 1.
1282 2856 1423 2939 874,15.

250 2968 339 3033 Lioet
361 2967 456 3050 igitur
480 2966 540 3033 hae
562 2967 594 3030 ui
617 2987 679 3032 nou
702 2967 747 3031 ite
769 2966 908 3048 uolgatis
930 2965 1023 3030 fuerit
1044 2966 1126 3031 haee
1148 2985 1218 3047 uorr,
1241 2970 1423 3028 tamennon

251 3074 377 3139 omniuo
409 3079 491 3138 certe
513 3073 572 3137 fuit
593 3073 725 3157 poetica.
770 3074 874 3155 Atque
906 3072 1000 3137 etiam
1023 3072 1149 3156 saepius
1171 3071 1285 3154 legitur
1308 3069 1350 3134 ad
1374 3089 1423 3135 res

251 3179 432 3246 reuocanda
455 3184 510 3267 (=
537 3176 662 3266 δεινός),
686 3185 719 3243 ut
741 3179 775 3243 in
797 3178 925 3262 Antiph.
947 3198 977 3262 p.
1005 3179 1075 3260 147,
1102 3179 1151 3243 13.
1178 3177 1251 3261 Lys.
1274 3177 1355 3242 XlIl
1371 3178 1424 3242 93.

250 3289 330 3352 Xon.
353 3288 412 3354 An.
435 3287 496 3352 VII
519 3288 547 3368 6,
571 3288 623 3351 30.
664 3286 743 3352 Plat.
767 3285 859 3368 Gorg.
891 3306 920 3369 p.
952 3285 1015 3350 467
1041 3285 1076 3351 Β.
1116 3285 1210 3351 Isoor.
1241 3304 1271 3367 p.
1297 3285 1358 3349 127
1383 3283 1423 3348 D.

251 3396 316 3460 378
340 3394 377 3460 Α.
410 3395 476 3460 390
499 3394 539 3461 D.
570 3394 650 3459 Iseo.
674 3413 704 3475 p.
728 3394 788 3475 22,
820 3393 872 3457 30.
916 3393 1005 3456 Dem.
1036 3411 1065 3475 p.
1089 3390 1164 3475 504,
1193 3392 1245 3456 29,
1275 3388 1330 3476 (M.
1360 3389 1423 3453 An-

252 3501 345 3566 tonin.
368 3502 384 3565 Ι
410 3498 472 3583 15.)

340 3656 465 3747 τρόφις.
512 3659 556 3723 IV
579 3661 599 3724 9
623 3652 687 3742 ἐγὼ
709 3657 771 3742 γὰρ
794 3653 831 3719 ε’ν.
855 3665 911 3719 σεῦ
933 3657 1020 3744 τρεῖς
1042 3655 1170 3732 παῖδας
1191 3650 1270 3735 ἔγω·
1294 3655 1425 3730 τούτους

253 3763 356 3829 ἐπεὰν
378 3763 531 3851 γένωνται
554 3761 746 3852 τρόφιες,
773 3761 792 3826 ό
812 3787 846 3826 τι
868 3764 926 3851 χρὴ
949 3765 1068 3840 ποιεῖν,
1093 3759 1219 3850 ἐξηγέοο
1234 3762 1281 3828 σό.
1318 3761 1425 3828 Uerba

252 3872 430 3939 Echidnae:
469 3855 610 3938 oouferas
642 3891 660 3937 e
692 3890 838 3954 responso
869 3870 1014 3935 Heraclia
1045 3870 1101 3934 illa
1143 3866 1245 3932 ἐπεὰν
1277 3866 1424 3954 ἄνδρα·

252 3976 397 4054 θέντας
418 3972 474 4065 ἰ’όῃ
495 3977 570 4055 τοὺς
591 3975 720 4052 παῖδας
727 4025 735 4055 ,
768 3975 849 4041 τάδε
880 3985 1024 4040 ποιεῦσα
1056 3971 1114 4038 οὐκ
1144 3973 1184 4037 ἂν
1215 3974 1422 4061 ἁμαρτάνοις.

252 4087 357 4153 Semel
391 4084 507 4168 legitur
543 4083 629 4168 apud
664 4084 834 4149 Homerum
870 4081 969 4170 τρόφι
1001 4086 1103 4164 κῦμα,
1141 4082 1173 4146 in
1210 4084 1249 4144 A
1272 4083 1336 4148 307
1372 4083 1424 4164 (of.

251 4193 379 4273 κύματα
411 4188 589 4279 τροφόεντα
628 4190 761 4269 0621,
791 4188 920 4274 γ290).
979 4188 1043 4255 Sed
1079 4187 1203 4254 uidetur
1239 4189 1424 4254 uocabulum

251 4299 346 4364 fluisse
377 4297 463 4381 apud
494 4299 586 4363 lones
622 4297 792 4379 antiquitus
823 4296 985 4378 usitatum,
1022 4296 1170 4377 quoniam
1206 4295 1302 4360 etiam
1338 4293 1425 4378 apud

252 4406 477 4490 Hippocratem
509 4409 602 4470 extat.
648 4405 697 4469 De
721 4402 949 4486 significatione
972 4403 1010 4467 of.
1033 4401 1168 4486 Hesyoh.
1191 4422 1215 4467 a.
1238 4422 1267 4469 u.
1290 4406 1424 4488 τεθραμ-

251 4509 354 4593 μένος,
379 4507 490 4595 μέγας.
537 4511 596 4576 Oui
623 4510 658 4575 iu
686 4517 821 4575 mentem
844 4529 905 4574 nou
934 4508 1055 4574 uenerit
1084 4509 1206 4574 altum
1233 4508 1424 4574 adieetiuum

253 4618 293 4683 ab
317 4616 465 4682 alendo
489 4637 557 4682 esse
580 4615 822 4682 deducendum?
