3492 5358
783 414 840 514 ..’
875 467 916 532 15
961 503 1006 514 ...

305 677 427 746 mortui.
472 678 511 744 In
533 677 632 745 literis
654 678 769 745 Atticis
799 678 914 762 legitur
942 680 1043 745 solum
1071 680 1156 766 apud
1182 688 1293 767 poetas
1314 690 1370 750 aut
1392 685 1480 771 apud

304 785 471 869 scriptores
500 785 698 854 recentiores.
744 785 789 852 cf.
813 785 907 871 Soph.
930 786 1002 855 Ant.
1035 789 1087 873 26,
1115 789 1190 873 461,
1213 789 1288 859 515.
1333 792 1404 861 Eur.
1427 793 1480 860 Or.

307 891 402 977 1585,
428 892 523 961 1145.
546 893 654 978 SuppI
678 895 729 960 70.
774 892 891 959 Herod.
914 893 958 961 IV
981 895 1011 980 8,
1037 896 1087 962 12.

394 1063 533 1159 νηνεμίη.
555 1071 694 1137 V11188
719 1070 790 1153 άμα
813 1069 849 1135 δὲ
872 1065 975 1159 δρθρφ
998 1067 1033 1148 ἐξ
1055 1065 1181 1162 αἰθρίης
1203 1095 1240 1137 τε
1262 1070 1319 1137 καί
1333 1071 1480 1167 νηνεμίης

305 1178 364 1266 τῆς
388 1172 552 1267 θαλάσσης
576 1173 712 1267 ζεσάσης
735 1173 882 1242 ἐπέπεσέ
898 1199 960 1267 σφι
980 1177 1102 1261 χειμών
1114 1201 1151 1243 τε
1164 1176 1264 1265 μέγας
1285 1178 1342 1245 καί
1356 1180 1480 1260 πολλὸς

304 1281 419 1367 άυεμος
441 1276 641 1374 ἀπηλιώτης.
678 1286 743 1351 218
760 1273 798 1374 ἦν
819 1281 877 1368 μὲν
900 1284 940 1374 δη
955 1280 1094 1375 νηνεμίη,
1119 1282 1232 1374 ψόφου
1247 1285 1283 1352 δέ
1296 1286 1479 1374 γιγνομένου

301 1389 443 1472 πολλοῦ,
475 1391 519 1468 ὡς
541 1386 632 1468 οἰκὸς
662 1380 701 1481 ἦν
729 1387 857 1480 φύλλων
883 1390 1126 1475 ὑποκεχυμένων
1153 1391 1220 1459 ὑπὸ
1249 1396 1339 1459 τοῖσι
1367 1391 1477 1476 ποσίν,

303 1490 364 1562 άνά
386 1521 423 1563 τε
446 1493 586 1586 έδραμον
608 1493 640 1564 οὶ
666 1500 792 1579 Φωκεῖς
821 1496 878 1564 καί
908 1496 1050 1564 ἐνέδυνον
1072 1501 1115 1564 τά
1139 1499 1236 1566 ὅπλα.
1284 1503 1478 1596 01111523,

302 1599 432 1695 νηνεμίη
461 1600 580 1695 γαλήνη
604 1628 619 1670 ε
642 1607 724 1691 392,
752 1630 776 1689 μ
803 1608 875 1673 169.
920 1608 1116 1674 Uooabulum
1145 1629 1185 1675 ne
1217 1610 1257 1675 ab
1287 1610 1479 1696 Hippocrate

302 1712 432 1795 quidem
455 1713 593 1779 alienum
617 1719 678 1799 est,
709 1720 740 1780 et
762 1714 874 1799 miror,
897 1714 925 1780 si
947 1715 1028 1798 fugit
1049 1716 1200 1783 Hoferum
1222 1715 1257 1782 id
1280 1737 1349 1783 esse
1371 1720 1478 1802 uolga-

303 1820 471 1884 rissimum.
525 1820 630 1886 Unum
660 1820 758 1886 affero
788 1822 891 1887 Iocum
920 1822 1173 1907 lexigraphorum
1205 1823 1477 1890 animaduersione

304 1925 524 2010 dignissimum
547 1928 674 1994 Aristot.
696 1929 773 2013 Top.
796 1929 812 1993 I
835 1949 864 2013 p.
891 1931 953 1996 108
977 1931 1022 1995 A:
1056 1929 1100 2006 ὡς
1122 1925 1241 2020 γαλήνη
1263 1927 1296 1995 έν
1319 1926 1474 2020 θαλάσση,

301 2028 434 2123 νηνεμία
456 2030 489 2098 ἐν
513 2026 584 2122 άέρι
608 2037 662 2123 (sc.
686 2026 827 2125 ἠρεμία).

376 2209 519 2301 νυκτερίς
529 2245 568 2267 =
578 2214 765 2298 uespertilio
788 2215 822 2280 II
832 2204 994 2281 76πτίλα
1009 2213 1045 2280 δέ
1054 2207 1092 2279 οὗ
1105 2218 1259 2304 πτερωτά
1273 2218 1377 2303 φορεῖ,
1390 2208 1472 2281 ἀλλὰ

300 2321 389 2384 τοῖσι
412 2323 471 2409 της
484 2315 667 2408 νυκτερίδος
688 2323 842 2409 πτεροῖσι
856 2316 1002 2404 μάλιστά
1025 2346 1064 2410 κη
1083 2319 1317 2411 ἐμφερέστατα.
1350 2324 1476 2392 111110

300 2423 379 2514 περὶ
404 2425 440 2491 δέ
463 2419 640 2516 αὐτὴνκαὶ
664 2425 697 2492 έν
721 2422 803 2516 αὐτῇ
827 2421 993 2509 αὐλίζεταί
1015 2452 1073 2494 κου
1094 2426 1189 2520 θηρία
1210 2425 1374 2517 πτερωτά,
1399 2434 1477 2519 τῇσι

300 2529 461 2622 νυκτερίσι
490 2530 691 2623 προσείκελα
719 2532 874 2619 μάλιστα.
928 2538 972 2604 IV
998 2539 1060 2604 183
1093 2535 1243 2622 γλῶσσαν
1273 2537 1309 2602 δε
1338 2530 1475 2625 οδδεμιῇ

300 2638 380 2729 άλλη
412 2638 593 2733 παροιμίην
623 2639 844 2726 νενομίκασιν,
884 2636 965 2707 ἀλλὰ
1007 2640 1173 2732 τετρίγασι
1212 2640 1297 2709 κατά
1334 2667 1398 2732 περ
1440 2640 1473 2709 αἳ

299 2744 489 2836 πιτυρίδες.
528 2749 574 2816 Gt.
596 2774 621 2832 μ
644 2752 719 2836 433,
743 2774 769 2813 ω
793 2752 822 2816 6.
858 2750 977 2817 Uocem
999 2772 1061 2817 non
1086 2772 1153 2818 esse
1176 2752 1333 2836 poeticam
1355 2758 1475 2818 tantum

299 2861 387 2938 patet
410 2876 427 2921 e
449 2856 527 2923 Iocis
540 2856 735 2925 Herodoteis.
773 2858 843 2924 Nec
874 2863 979 2923 tamen
1002 2860 1108 2924 aliena
1132 2859 1196 2924 ulla
1218 2859 1292 2925 noui
1315 2862 1474 2945 exempla:

301 2961 362 3026 nisi
398 2962 482 3045 quod
511 2963 645 3048 piscium
681 2984 780 3047 genus
822 2971 951 3031 uocatur
986 2961 1129 3053 νυκτερίς
1165 2969 1205 3032 ab
1235 2966 1380 3052 Oppiano
1403 2968 1473 3033 Hal.

300 3069 334 3133 II
357 3070 432 3154 200,
455 3072 587 3157 poetica,
611 3076 645 3135 ut
667 3071 801 3157 uidetur,
824 3093 895 3137 cum
918 3073 1070 3139 libertate.

389 3236 477 3324 οἶκος
509 3282 547 3302 =
579 3270 630 3316 res
659 3251 832 3318 familiaris.
884 3252 934 3317 ΠΙ
964 3251 1006 3316 53
1038 3240 1064 3336 ᾦ
1093 3252 1160 3315 παῖ
1188 3246 1321 3334 βούλεαι
1350 3249 1409 3343 τήν
1438 3276 1474 3318 τε

299 3350 470 3443 τυραννίδα
493 3353 526 3433 ές
549 3355 662 3434 άλλαυς
688 3360 804 3422 πεσεῖν
827 3355 882 3422 καὶ
906 3355 964 3423 τὸν
994 3348 1082 3422 α’ίκυν
1111 3361 1169 3422 τοῦ
1198 3355 1326 3447 πατρὸς
1354 3358 1474 3442 μᾶλλον

299 3451 320 3552 ἦ
344 3454 442 3540 αὐτάς
466 3485 552 3552 σφεα
575 3456 727 3529 ἀπελθὼν
750 3460 848 3551 ipram
884 3466 991 3533 Uerba
1013 3472 1084 3532 sunt
1106 3467 1280 3533 Periandri.
1325 3468 1473 3533 v11224

299 3566 446 3646 ἐκδιδοὺς
477 3572 535 3659 τὴν
566 3568 723 3659 θυγατέρα
754 3567 886 3661 Δαρείῳ
917 3570 975 3638 τὸν
1006 3563 1095 3638 οἶκον
1125 3569 1237 3638 πάντα
1266 3570 1324 3639 τὸν
1353 3568 1472 3637 ἑαυτοῦ

301 3673 475 3741 ἐπέδωκεν.
522 3678 568 3747 Of.
587 3679 615 3742 0
637 3679 718 3757 498,
743 3702 764 3741 α
787 3682 861 3765 251,
884 3683 906 3763 θ
929 3682 987 3763 64,
1011 3678 1043 3764 (ζ
1067 3682 1159 3766 181),
1184 3680 1203 3745 δ
1226 3682 1306 3766 318,
1330 3683 1363 3771 (η
1386 3680 1473 3769 314),

298 3806 327 3847 π
350 3786 415 3850 431
450 3792 518 3852 cett.
573 3785 672 3851 Usum
704 3786 832 3851 Homeri
872 3793 903 3852 et
934 3786 1086 3853 Herodoti
1117 3808 1179 3854 non
1211 3807 1279 3854 esse
1317 3789 1472 3873 poeticum

298 3891 392 3957 modo
416 3893 467 3957 uel
489 3912 528 3958 ex
544 3912 580 3959 eo
597 3899 737 3977 apparet,
760 3892 845 3975 quod
858 3895 972 3960 Noster
994 3895 1081 3980 ponit
1097 3895 1193 3961 etiam
1207 3889 1473 3983 οἰκοφθορεῖσθαι

301 4030 340 4051 =
356 4018 422 4063 rem
446 3998 633 4065 familiarem
657 4000 800 4066 amittere
824 4001 926 4085 (Haus
950 4001 1014 4066 ond
1028 4003 1095 4067 Hos
1112 4002 1279 4090 verlieren)
1301 4003 1335 4067 in
1357 4003 1373 4067 I
1400 4003 1471 4069 196.

299 4104 326 4170 V
349 4107 401 4172 29.
425 4106 504 4172 VIII
520 4108 583 4173 142
607 4105 653 4195 (in
676 4106 816 4173 oratione
839 4108 1014 4191 legatorum
1037 4108 1381 4195 Lacedaemoniorum).
1409 4111 1472 4175 144

299 4212 344 4296 (in
367 4232 514 4296 responso
537 4213 799 4300 AthenIensium).
844 4216 1014 4281 Praeterea
1036 4216 1151 4282 scimus
1174 4217 1270 4282 etiam
1297 4217 1472 4283 Atticorum

298 4318 553 4386 consuetudinem
576 4322 672 4388 fuisse
695 4329 729 4387 ut
751 4343 807 4407 per
830 4311 919 4399 οἶκος
942 4322 1156 4406 significarent
1185 4345 1252 4390 rem
1275 4324 1471 4391 familiarem.

299 4426 345 4493 Of.
377 4429 456 4492 Isae.
489 4427 551 4492 VII
581 4429 633 4493 42.
678 4430 751 4515 Lys.
783 4430 890 4496 XXVI
922 4431 974 4495 22.
1029 4431 1100 4496 Xen
1132 4432 1245 4498 Oecon.
1277 4433 1346 4498 15.
1391 4431 1471 4499 Plat.

298 4533 394 4603 Lach.
421 4534 484 4601 185
507 4537 545 4603 Α.
579 4536 668 4603 Dem.
692 4535 735 4624 (p.
750 4538 824 4624 833,
839 4538 890 4623 24,
913 4539 1031 4622 psol,
1049 4540 1112 4624 13).
1148 4538 1278 4606 Lucian.
1291 4541 1403 4606 Toxar.
1420 4541 1471 4605 14.

296 4641 402 4706 Etiam
438 4636 642 4730 οἰκοφθορεῖν
683 4676 721 4698 2
762 4665 827 4710 rem
869 4645 1056 4711 familiarem
1098 4645 1230 4731 perdere
1271 4649 1373 4734 (Haus
1405 4645 1471 4712 und
