3492 5358
486 349 508 397 ο

707 475 929 542 „51-

318 685 479 756 ἀνακλίνω
513 722 552 744 =
587 688 703 775 apelii).
755 689 782 756 V
808 690 848 754 16
887 687 964 752 ὅταν
999 690 1056 777 την
1088 688 1181 776 θύρην
1211 640 1268 776 τὴν
1303 709 1399 752 κατα-

228 800 358 887 πακτὴν
394 792 556 884 ἀνακλίνη.
620 797 664 864 Of.
701 818 722 859 κ
747 795 810 862 155
842 816 887 878 eq.
924 794 1085 878 θαλάμοιο
1122 796 1215 884 θύρην
1256 802 1402 870 πυκινῶς

229 904 385 993 ἀραρυῖαν
407 902 570 969 κάλλιπον
593 898 754 987 ἀγκλίνας.
801 902 911 968 Simile
941 902 1061 985 aliquid
1091 903 1190 968 habes
1220 902 1254 966 in
1283 904 1313 965 E
1335 899 1398 968 751
1517 906 1523 911 “

231 1044 270 1065 =
306 1012 423 1078 &395
447 1010 479 1097 (λ
509 1010 597 1095 525).
651 1008 717 1075 Sed
749 1008 841 1096 θύρην
873 1003 1054 1072 ἀνακλίνειν
1085 1008 1172 1073 haud
1209 1007 1305 1073 dubie
1336 1014 1401 1072 tam

228 1119 358 1201 uolgare
393 1117 452 1182 fuit
487 1135 581 1198 quam
624 1114 717 1203 θύρην
758 1111 958 1181 ἐπιτιθέναιε
1002 1135 1193 1197 quamquam
1228 1134 1268 1180 ne
1308 1113 1401 1179 huius

229 1223 356 1307 quidem
378 1222 543 1289 locutionis
566 1222 631 1287 alia
653 1222 727 1287 noui
750 1221 894 1305 exempla
916 1221 978 1286 nisi
999 1222 1176 1287 Homerica.
1213 1221 1259 1287 ef.
1283 1218 1316 1289 Ξ
1328 1222 1402 1286 169.

227 1353 247 1410 χ
278 1331 339 1398 157
374 1329 418 1416 (Ε
440 1329 500 1395 751
530 1360 570 1381 =
597 1330 627 1392 Θ
649 1327 724 1393 395.
755 1326 893 1412 λ525);
925 1326 1010 1393 idem
1043 1328 1213 1409 antiquitus
1244 1325 1402 1410 signifieat

229 1436 413 1502 nostratium
445 1435 516 1520 „die
545 1435 633 1500 Thur
662 1434 845 1501 anlehnen“.
891 1435 1002 1517 Neque
1031 1435 1125 1518 plane
1155 1434 1292 1500 alienum
1317 1431 1335 1511 ζ
1359 1436 1399 1499 19

230 1542 324 1629 θύραι
348 1541 376 1606 θ’
391 1538 560 1607 ἐπέκειντο
584 1536 726 1629 φαειναί,
751 1558 793 1608 se.
817 1540 962 1626 θαλάμῳ.
1001 1540 1045 1607 Of.
1065 1541 1205 1623 Theogn.
1220 1542 1283 1606 421
1308 1538 1402 1626 θύραι

230 1647 360 1735 γλώσσῃ
382 1643 576 1712 ἐπίκεινται.

318 1791 336 1828 *
359 1785 564 1868 ἀνακοντίζω.
607 1792 651 1856 lv
677 1791 738 1855 181
764 1787 797 1853 έν
818 1791 998 1877 κορυφῇσιν
1021 1783 1160 1854 ἑκάστου
1183 1798 1240 1852 τοῦ
1262 1788 1402 1852 κολωνοῦ

232 1892 432 1976 ἀνακοντίζει
456 1893 493 1960 έκ
514 1893 615 1978 μέσου
637 1906 696 1960 τοῦ
718 1893 797 1972 άλὸς
819 1895 905 1983 ύάωρ
927 1896 1049 1984 ψυχρὸν
1070 1894 1128 1959 καί
1150 1894 1255 1980 γλυκύ.
1295 1894 1401 1960 Adno-

231 2004 311 2069 tauit
340 2003 492 2070 Steinius:
525 1997 745 2087 ,ἀνακοντίζει
777 2003 926 2088 „sehiesst
955 2005 1088 2089 emp01·“,
1119 2003 1202 2068 nach
1233 2002 1270 2067 ll.
1297 2023 1313 2065 ε
1339 2003 1400 2067 113

230 2099 312 2191 αἷμα
336 2108 363 2173 θ’
388 2106 573 2199 ἀνηκόντιζε
597 2108 654 2172 διὰ
679 2110 855 2195 στρεπτοῖο
876 2116 1043 2188 χιτῶνος.“
1081 2109 1153 2174 Nisi
1175 2107 1258 2191 quod
1272 2109 1402 2175 uerbum

229 2216 301 2281 aliis
332 2216 409 2282 locis
441 2237 504 2282 non
534 2216 666 2300 legitur,
701 2215 782 2281 nihii
813 2220 860 2281 est
892 2235 948 2281 eur
977 2216 1011 2282 in
1043 2215 1178 2281 eandem
1214 2214 1401 2281 sententiam

229 2321 392 2389 discedere
415 2322 556 2389 uelimus.
601 2323 686 2388 Nam
709 2322 782 2388 talis
811 2328 918 2406 tropus
940 2322 1056 2407 optime
1086 2322 1182 2387 etiam
1204 2322 1237 2386 in
1261 2341 1402 2387 sermone

231 2428 353 2512 uolgari
375 2434 499 2513 poterat
520 2429 674 2513 usurpari.
1195 2445 1199 2450 ’

318 2565 495 2659 ἀναπείρω.
540 2572 587 2636 IV
610 2572 654 2636 94
683 2569 720 2657 ἢν
748 2567 807 2651 μέν
836 2570 877 2659 ὃν)
906 2568 1056 2658 ἀποθάνη
1087 2564 1279 2656 ἀναπαρείς,
1312 2571 1401 2633 τοῖσι

232 2672 269 2741 δὲ
290 2675 377 2753 ἵλεος
399 2674 417 2738 ύ
440 2676 512 2753 θεὸς
535 2675 626 2740 δοκεῖ
648 2667 741 2740 εἶναι.
792 2679 853 2743 103
883 2674 1066 2757 ἀποταμὼν
1094 2671 1231 2752 ἕκαστος
1259 2675 1403 2764 κεφαλὴν

230 2779 435 2871 ἀποφέρεται
459 2779 493 2859 ές
514 2785 556 2847 τά
580 2778 686 2861 οἰκία,
716 2777 836 2847 ἔπειτα
860 2779 919 2846 ἐπὶ
943 2781 1035 2860 ξύλου
1056 2783 1198 2867 μεγάλου
1221 2777 1403 2870 ἀναπείρας

231 2882 308 2976 ἱστᾷ
329 2887 413 2977 ὑπὲρ
436 2899 493 2976 τῆς
516 2884 630 2976 οἰκίης.
676 2889 781 2955 Semel
811 2890 926 2973 legitur
948 2889 1034 2974 apud
1057 2889 1241 2974 Homerum,
1273 2893 1303 2953 Β
1326 2890 1401 2957 426.

230 2995 295 3062 Sed
319 2997 358 3065 ef.
381 2996 435 3064 Ar.
458 2995 537 3063 Ach.
560 2998 634 3080 796,
660 2998 755 3063 1007.
779 2996 894 3079 (Maeh.
918 3016 968 3081 ap.
992 2995 1104 3063 Athen.
1127 2997 1204 3063 VIII
1218 3017 1247 3082 p.
1264 2997 1329 3062 349
1355 2994 1402 3080 Ο).

232 3102 371 3169 Uerbum
393 3121 462 3169 esse
484 3103 640 3187 poeticum
663 3102 742 3168 mihi
763 3101 902 3168 nondum
926 3108 972 3168 est
997 3119 1189 3188 persuasum.

319 3244 388 3308 Iam
411 3242 547 3309 inseram
569 3244 666 3310 uerba
690 3244 752 3310 duo
775 3264 856 3327 quae
879 3244 983 3310 omisit
1004 3244 1144 3312 Hoierus.

319 3348 360 3434 (7)
376 3349 393 3386 *
408 3346 510 3429 ἀνέχω
533 3383 572 3404 =
598 3371 731 3434 emergo.
777 3351 897 3417 v1118
928 3347 1057 3435 λέγεται
1080 3351 1142 3438 γὰρ
1172 3350 1217 3429 ὡς
1245 3347 1282 3428 ἐξ
1308 3343 1402 3438 Ἀφε-

229 3452 310 3520 τέων
342 3454 397 3532 dig
428 3452 463 3532 ἐς
495 3459 552 3545 την
584 3455 752 3522 θάλασσαν
783 3455 820 3521 ού
841 3455 1000 3545 πρότερον
1029 3456 1142 3537 ἀνέσχε
1170 3455 1250 3545 πρίν
1281 3453 1402 3545 ἢάπί-

231 3583 306 3625 κετο
338 3558 399 3625 ἐπὶ
429 3562 469 3626 τὸ
497 3554 714 3650 Ἀρτεμίσιον.
770 3564 913 3640 Contulit,
942 3564 1080 3631 Steinius
1112 3587 1128 3628 ε
1159 3566 1225 3631 319
1255 3583 1300 3647 sq.
1338 3561 1403 3628 οὐδ’

230 3663 389 3755 ἐδυνάσθη
420 3658 509 3757 αἶψα
539 3668 615 3752 μάλ’
647 3668 827 3749 ἀνσχεθεεῖν
858 3668 998 3754 μεγάλου
1032 3666 1091 3734 ἐπὶ
1121 3670 1263 3752 κύματος
1293 3668 1401 3758 ὁρμῆς,

231 3775 362 3840 fortasse
386 3780 419 3840 ut
442 3774 668 3843 demonstraret
696 3778 794 3842 uerba
815 3776 967 3843 Herodoti
990 3797 1059 3843 esse
1082 3797 1121 3843 ex
1143 3777 1318 3844 imitatione
1340 3779 1402 3843 Ηο-
1513 3852 1516 3858 ,

231 3880 350 3947 metica
381 3888 572 3967 comparata.
625 3882 716 3961 Quod
739 3889 845 3949 tamen
866 3883 945 3948 mihi
974 3903 1037 3949 non
1066 3884 1221 3969 probatur.
1280 3885 1403 3968 Nempe

233 3985 376 4054 uidemus
398 3988 494 4054 etiam
523 3989 659 4054 futurum
689 3987 860 4077 ἀνασχησω
882 3990 1078 4056 intransitiue
1103 4022 1142 4043 =
1168 3988 1403 4077 ἀναβλαστήσω

231 4092 351 4180 (werde
373 4094 569 4184 erwaehsen)
598 4095 734 4180 positum
766 4116 835 4163 esse
857 4097 890 4161 in
914 4097 941 4163 V
966 4097 1039 4165 106.
1070 4097 1132 4161 Vll
1158 4098 1206 4163 14.
1258 4098 1306 4162 Ao
1335 4097 1403 4163 siue

230 4198 265 4264 id
297 4199 432 4266 futurum
464 4221 532 4268 esse
563 4208 655 4286 putas
685 4203 775 4269 uerbi
807 4197 938 4287 ἀνίσχω,
969 4202 1053 4285 quod
1085 4203 1118 4268 ui
1146 4203 1346 4268 intransitiua
1369 4210 1403 4268 ut

231 4306 317 4391 apud
339 4308 459 4375 Atticos
481 4308 527 4375 ita
550 4308 635 4393 apud
658 4309 805 4376 Nostrum
828 4316 875 4375 est
897 4309 1045 4375 usitatum
1068 4310 1120 4396 (ef.
1143 4310 1193 4375 ΙΙΙ
1216 4312 1267 4378 98.
1291 4310 1336 4375 IV
1349 4312 1401 4378 40.

233 4413 306 4481 116.
329 4414 478 4499 71154),
500 4414 581 4481 nihil
602 4415 735 4500 impedit
747 4416 912 4497 quominus
925 4415 1074 4481 aorietum
1097 4412 1210 4495 ἀνέσχε
1232 4417 1273 4481 ab
1289 4414 1401 4482 eadem

230 4520 404 4603 praesentis
432 4522 533 4588 forma
562 4520 770 4587 deduoamus:
809 4522 877 4588 siue
908 4522 1045 4587 futurum
1077 4529 1124 4588 eet
1153 4522 1240 4589 uerbi
1268 4519 1399 4602 ἀνέχειν,

231 4624 344 4692 eodem
365 4626 434 4693 iure
457 4626 597 4694 eiusdem
620 4628 707 4696 uerbi
730 4628 863 4694 aoristus
884 4628 1081 4696 intransitiue
1103 4630 1202 4714 potuit
1223 4629 1307 4714 poni.
1355 4629 1401 4696 Of.

1189 4770 1223 4825 4*
