3492 5358
775 505 823 521 -
866 470 908 534 ffl
953 505 1001 519 -

302 685 413 765 poetas
435 685 490 745 ant
511 680 598 764 apud
620 680 806 747 recentiores
828 701 931 747 rerum
953 681 1119 767 scriptores
1141 682 1193 769 (cf.
1206 681 1287 747 Plut
1300 682 1408 767 Pomp.
1422 684 1476 748 26.

303 786 393 853 Caes.
418 789 468 853 17.
514 786 601 853 Cato.
630 787 704 855 min.
728 785 778 874 5):
810 787 871 853 nisi
903 787 988 871 qnod
1018 789 1115 854 etiarn
1144 788 1327 854 Aristoteles
1358 790 1476 855 alieubi

302 894 427 979 scripsit
459 892 592 975 όόναμις
623 891 769 982 ότρυτος.
822 894 938 961 Contra
968 894 1003 959 in
1036 895 1130 963 Arist.
1152 894 1222 963 Eth.
1252 895 1285 959 X
1309 896 1348 961 17
1381 896 1476 978 longe

304 1001 387 1066 alius
407 1007 455 1066 est
479 999 623 1067 notionis.

392 1138 568 1229 φερέοικος.
614 1142 659 1208 IV
687 1142 729 1208 46
762 1143 851 1207 τοῖσι
881 1142 942 1229 γὰρ
970 1141 1052 1229 μήτε
1082 1140 1185 1207 dorsu
1214 1140 1296 1230 μήτε
1324 1136 1431 1222 τείχεα
1455 1132 1475 1230 ᾖ

303 1244 494 1330 ἐκτισμένα,
529 1246 613 1311 ἄλλα
642 1245 808 1337 φερέοικοι
839 1245 945 1325 ἐόντες
973 1246 1097 1325 ττόντες
1126 1242 1222 1313 ἔωσιν
1252 1242 1476 1325 ἱπποτοξόται

304 1352 418 1433 ζῶντες
445 1355 492 1443 μή
523 1353 583 1418 ἄνι’
616 1352 748 1440 ἀρότου,
792 1352 876 1418 ἀλλὰ
906 1353 978 1419 ἀπὸ
1007 1352 1161 1442 κτηνέων,
1194 1349 1406 1440 οἰκήματά
1433 1377 1476 1418 τε

305 1480 405 1549 σφιν
427 1450 448 1548 ᾖ
472 1457 546 1525 ἐπὶ
568 1458 756 1545 ζευγέων,
788 1469 854 1538 κῶς
875 1460 955 1525 κτλ.
1001 1461 1073 1527 Non
1102 1462 1198 1546 plane
1228 1461 1307 1526 mihi
1329 1463 1476 1546 probatur

304 1567 416 1634 Steinii
438 1567 599 1633 adnotatio
622 1568 677 1651 qui
700 1567 759 1634 hoe
782 1566 874 1634 dicit:
906 1564 1100 1656 ,φερέοικοτ
1124 1567 1267 1653 cpisohes
1288 1568 1392 1653 Wort3
1423 1568 1476 1635 bei

302 1670 460 1741 Hesiodus
482 1671 545 1762 ἒργ.
570 1675 633 1740 571
666 1674 890 1758 Bezeiehnung
912 1674 969 1741 der
991 1674 1164 1743 Schuceke.
1210 1674 1273 1741 Die
1294 1676 1477 1758 Erklttrung

303 1780 381 1864 folgt
407 1780 512 1863 gleioh
535 1775 711 1869 (οἰκήματα
734 1818 776 1828 -
801 1778 978 1866 ζιονέων)“;
1008 1801 1083 1846 nam
1115 1782 1244 1847 uerbum
1280 1801 1349 1847 esse
1375 1781 1476 1847 renus

304 1886 440 1953 concedo
464 1888 536 1968 (neo
549 1884 669 1972 mirort)
691 1887 848 1972 poeticum
870 1886 905 1952 id
928 1907 996 1954 esse
1013 1908 1127 1954 exuno
1149 1887 1218 1954 loco
1232 1886 1389 1954 Hesiodeo
1412 1908 1475 1954 non

162 1995 165 2000 ’
303 1998 405 2078 potest
427 1993 541 2076 colligi.
577 1992 643 2060 Sed
666 1994 760 2059 etiarn
784 1994 812 2059 si
835 2000 916 2061 esset
938 1995 1108 2079 poeticum,
1132 2000 1263 2079 apparet
1284 1993 1477 2060 Herodotum

303 2098 338 2165 id
360 2119 422 2165 non
444 2100 585 2183 posuisse
598 2098 759 2165 ornandae
773 2100 922 2166 orationis
936 2120 1041 2186 causa
1064 2100 1121 2167 sed
1143 2100 1219 2184 quia
1232 2099 1320 2166 aliud
1335 2099 1476 2166 eiusdem

305 2206 441 2272 notionis
462 2227 525 2272 non
547 2206 692 2272 habebat.
736 2206 857 2273 Similis
886 2208 1017 2273 fortasse
1046 2212 1094 2274 est
1121 2208 1201 2274 ratio
1224 2208 1313 2273 uerbi
1336 2201 1476 2271 ἱπποτο-

305 2310 408 2399 ξότης.
456 2312 501 2378 uf.
524 2312 578 2379 Ar.
601 2312 661 2379 An.
687 2314 782 2397 1179,
804 2312 861 2378 se'd
885 2314 981 2379 etiam
1003 2314 1077 2399 Lys
1098 2314 1158 2380 XV
1181 2316 1211 2381 6.
1246 2313 1345 2381 Thus.
1368 2315 1402 2379 Π
1423 2316 1475 2382 96.

394 2453 556 2544 φρενήρης.
594 2455 706 2520 11125
729 2442 784 2519 οἷα
807 2453 844 2520 δὲ
867 2452 1009 2543 ἐμμανής
1030 2479 1067 2520 τε
1090 2452 1151 2521 ε’ὼν
1172 2452 1230 2520 καὶ
1252 2452 1290 2519 οὗ
1312 2455 1475 2545 φρενήρης.

304 2563 347 2627 30
371 2558 487 2650 spem,
522 2557 583 2624 ε’ὼν
605 2558 681 2626 οὐδὲ
701 2559 860 2649 πρότερον
883 2561 1045 2651 φρενήρης.
1091 2562 1134 2628 35
1168 2561 1292 2649 ὁρῶντα
1315 2559 1417 2648 ἄνδρα
1440 2559 1476 2625 οὐ

305 2666 460 2756 φρενήρεα
494 2664 553 2731 καὶ
587 2664 667 2756 περὶ
703 2661 824 2731 ἑαυτοῦ
867 2663 1074 2750 δειμαίνοντα
1110 2662 1226 2733 εἰπεῖν.
1283 2667 1328 2736 Of.
1364 2668 1393 2733 V
1424 2669 1476 2733 42.

304 2774 352 2840 IX
374 2773 428 2840 55.
482 2774 613 2858 Semper
644 2773 822 2840 Herodotus
856 2774 1049 2841 adiectiuum
1084 2775 1171 2860 ponit
1202 2794 1273 2841 curn
1308 2774 1477 2857 negatIone

304 2881 515 2947 coniunctum:
552 2881 586 2946 in
622 2899 683 2963 quo
706 2880 793 2946 haud
829 2880 925 2947 dubie
960 2887 1085 2947 secutus
1125 2887 1173 2947 est
1211 2900 1301 2946 usum
1337 2880 1476 2963 uolgaris

303 3006 428 3053 snorum
450 2987 609 3053 sermonis.
654 2987 724 3053 Nec
746 2987 830 3053 eninr
852 2986 931 3052 mihi
961 2987 1145 3072 persuaderi
1166 2988 1267 3072 potuit
1288 2988 1476 3053 uocabulum

306 3113 375 3159 esse
396 3093 566 3177 poeticum,
594 3111 786 3175 quamquam
807 3093 922 3176 legitur
951 3100 1076 3178 praeter
1097 3093 1245 3160 Nostrum
1267 3092 1362 3159 modo
1390 3092 1476 3177 apud

303 3198 487 3283 Euripidem
524 3199 661 3288 (Heraol.
692 3199 764 3265 150.
800 3199 847 3266 El.
874 3198 973 3286 1053)
1018 3200 1244 3284 scriptoresque
1288 3200 1476 3266 recentiores

304 3307 396 3394 (Plnt.
420 3306 496 3372 Mor.
519 3326 549 3390 p.
572 3307 637 3372 323
662 3305 696 3371 G.
740 3306 815 3372 Luc.
839 3306 980 3374 Calumn.
1003 3308 1034 3374 3.
1079 3308 1163 3374 Sext.
1185 3308 1274 3391 Emp.
1297 3308 1378 3385 218,
1409 3305 1475 3392 20).

306 3412 456 3478 Oonferas
488 3412 585 3478 etiarn
616 3411 807 3478 adiectiunnr
830 3401 1049 3501 φρενοβλαβὴς
1071 3413 1156 3496 qnod
1186 3414 1335 3498 scripturn
1365 3417 1412 3477 est
1442 3412 1476 3476 in

304 3520 426 3584 11120
457 3538 516 3583 nee
546 3516 581 3582 id
613 3518 750 3584 Steinius
781 3519 836 3584 ille
867 3519 935 3603 ipse
969 3538 1063 3585 ansus
1095 3525 1143 3585 est
1174 3518 1279 3585 dicere
1310 3518 1475 3603 poeticum.

304 3625 364 3712 (uf.
386 3624 534 3708 Hippocr.
557 3627 610 3709 20,
635 3626 651 3689 1
676 3645 706 3709 p.
730 3623 799 3708 23).

393 3768 489 3831 Porro
512 3765 553 3832 de

784 3916 1005 3990 UERBIS

304 4050 414 4135 paucis
436 4069 541 4134 panca
563 4048 771 4118 admonenda.

394 4188 635 4273 ἀναβλαστάνιο.
682 4192 797 4257 11162
830 4186 860 4255 εἰ
883 4190 911 4255 d’
935 4186 1007 4255 ἔστι
1038 4193 1150 4278 ὥσπερ
1172 4192 1241 4278 ντρό
1266 4202 1340 4271 τοῦ,
1373 4192 1409 4257 οὗ
1430 4193 1476 4281 μή

304 4292 340 4361 τί
361 4319 413 4361 τοι
436 4291 474 4360 ἔτι
495 4319 531 4381 γε
553 4292 675 4361 ἐκείνου
695 4296 847 4383 νεώτερον
861 4295 1058 4385 ἀναβλάστῃ.
1096 4299 1202 4365 Uerba
1216 4301 1475 4385 suntPrexaspis.

304 4403 389 4469 V92
413 4397 481 4468 ἔδει
505 4400 543 4468 δὲ
565 4400 602 4468 ἐκ
624 4413 683 4469 τοῦ
692 4396 869 4481 Ἠετίωνος
881 4403 972 4489 γόνου
985 4400 1134 4490 Κορίνθῳ
1147 4403 1233 4469 κακὰ
1252 4404 1476 4489 ἀναβλαστεῖν.

304 4509 522 4594 Metaphorica
543 4530 621 4577 saue
643 4511 724 4577 haee
747 4517 794 4576 est
825 4510 953 4577 dicendi
975 4511 1070 4595 ratio,
1102 4512 1160 4578 sed
1190 4531 1272 4594 nego
1304 4533 1375 4579 eam
1407 4533 1476 4581 esse

304 4635 389 4682 mere
411 4616 582 4703 poetieam:
605 4618 652 4684 sic
674 4637 731 4685 nos
745 4636 868 4704 quoqne
882 4619 934 4684 uel
955 4617 990 4683 in
1012 4617 1149 4707 pedestri
1168 4638 1309 4686 sermone
1331 4620 1475 4708 ponimus
