3492 5358
725 426 948 489 ..39-

252 624 289 723 ἧν
312 631 537 723 οὐρανομήκης.
579 636 794 720 Hyperbolam
816 642 945 718 utroque
967 638 1036 703 loco
1060 637 1193 703 eandem
1216 638 1422 720 agnoscimus.

251 741 335 806 Num
357 761 432 806 uero
453 740 629 807 Herodotus
652 762 722 808 cum
744 743 893 809 scriberet
914 744 1015 810 uerba·
1033 743 1166 809 laudata
1188 764 1307 811 memor
1328 746 1423 811 fuerit

251 867 358 912 uersus
380 848 552 932 Homerici,
585 869 646 913 non
676 870 800 935 possum
830 870 892 915 non
916 849 1068 917 dubitare.
1113 852 1252 917 Uerbum
1281 852 1423 918 inuenies

252 955 346 1019 etiam
393 955 426 1019 in
470 955 582 1021 Aesch.
625 956 685 1039 Ag.
730 958 781 1023 92.
843 958 896 1021 Ar.
933 958 1036 1023 Nobb.
1075 957 1156 1042 356,
1193 959 1268 1024 458.
1329 959 1422 1025 Isocr.

250 1061 309 1126 XV
341 1061 412 1128 134.
458 1061 565 1149 (Arist.
596 1062 687 1129 Rhet.
717 1064 766 1128 lII
799 1067 828 1145 l,
862 1064 913 1147 4),
950 1063 983 1128 in
1028 1064 1140 1146 quibus
1184 1065 1302 1130 nullam
1348 1071 1422 1149 puto

251 1167 452 1233 statuendam
482 1188 550 1234 esse
580 1169 786 1235 imitationem
809 1171 1017 1238 Homericam.
1063 1172 1250 1237 Recentiora
1280 1172 1423 1256 exempla

251 1274 365 1339 afferre
386 1294 449 1340 non
472 1294 554 1343 curo.

341 1416 540 1499 Quamquam
562 1416 658 1482 laudo
681 1419 846 1503 Heiorum,
869 1418 953 1501 quod
976 1419 1080 1484 omisit
1103 1420 1231 1485 uerbum

339 1521 357 1561 '¹‘
381 1519 550 1608 ὀψίγονος,
575 1523 609 1589 id
632 1529 737 1590 tamen
759 1525 819 1590 hoo
842 1526 911 1591 loco
934 1526 1052 1610 insero,
1080 1525 1196 1610 quippe
1219 1525 1304 1608 quod
1327 1527 1423 1611 poeti-

256 1649 327 1695 cum
359 1649 429 1695 esse
459 1630 598 1697 Steinius
630 1630 793 1696 affirmarit
824 1632 857 1696 in
889 1631 1091 1697 adnotatione
1123 1631 1167 1697 ad
1198 1632 1258 1698 VH
1288 1635 1308 1698 3
1341 1633 1424 1697 οότο

250 1732 454 1816 νομίζεσθαι,
479 1735 516 1823 ἢν
539 1730 571 1800 οἱ
599 1734 659 1818 μὲν
680 1735 911 1824 προγεγονότες
941 1732 1021 1801 ἔωσι
1050 1735 1129 1824 πρίν
1158 1736 1178 1823 ἢ
1209 1738 1265 1802 τὸν
1293 1736 1424 1827 πατέρα

252 1839 360 1930 σφέων
381 1841 593 1925 βασιλεῦσαι,
617 1842 636 1907 ό
660 1840 698 1907 δὲ
718 1843 924 1927 βασιλεύοντι
948 1839 1102 1932 ὀψίγονος
1132 1840 1331 1933 ἐπιγένηται,
1365 1848 1424 1909 τοῦ

252 1946 480 2033 ἐπιγενομένου
515 1947 576 2013 τίν
612 1944 737 2027 ἔκδεξιν
772 1953 831 2027 τίς
867 1946 1040 2039 βασιληίης
1076 1945 1250 2035 γίγνεσθαι.
1305 1951 1425 2039 (Uerba

251 2056 416 2121 Demarati
447 2057 481 2121 in
508 2057 649 2122 oratione
672 2055 820 2142 obliqua).
865 2060 961 2123 Recte
990 2058 1043 2123 ille
1074 2057 1201 2139 quidem
1233 2059 1283 2123 uir
1314 2059 1424 2125 doctus

251 2164 371 2229 monuit
402 2164 485 2249 „Fur
518 2164 579 2230 den
611 2165 689 2231 Sinn
723 2164 809 2230 h'atte
841 2164 938 2230 schon
971 2162 1161 2253 ἐπιγένηται
1192 2166 1335 2250 gendgt“‚
1368 2166 1424 2231 sed

251 2275 357 2336 tamen
379 2270 695 2336 animaduertundum
718 2277 764 2336 est
788 2266 941 2358 ὀψίγονος
964 2291 1026 2336 non
1047 2271 1134 2337 idem
1156 2292 1225 2338 esse
1247 2271 1331 2353 quod
1353 2268 1425 2335 ἑπι-

252 2375 426 2461 γενόμενος.
474 2377 552 2443 Oum
573 2379 657 2443 enim
679 2379 788 2444 liceret
800 2378 884 2461 loqui
900 2379 939 2444 de
963 2380 1060 2445 altero
1083 2378 1148 2444 filio
1170 2379 1303 2462 maiore,
1326 2379 1424 2444 altero

251 2484 385 2568 minore,
408 2484 566 2550 Herodoto
590 2522 631 2531 -
655 2485 834 2569 respicienti
857 2484 900 2550 ad
915 2486 1013 2551 Darei
1035 2486 1217 2569 progeniem
1241 2523 1283 2533 —
1307 2486 1425 2569 placuit

250 2611 366 2675 ponere
390 2592 563 2675 complures
586 2591 666 2657 filios
688 2592 824 2657 maiores
846 2599 937 2677 natu,
966 2592 1078 2674 quibus
1107 2611 1187 2656 unus
1210 2598 1275 2656 tum
1298 2591 1425 2658 demum

252 2703 386 2781 agnatus
410 2703 506 2783 esset,
536 2718 607 2764 cum
638 2704 727 2782 pater
756 2719 887 2782 rognum
919 2705 1038 2765 teneret
1065 2705 1096 2764 ol
1125 2697 1322 2782 grandior
1343 2700 1423 2764 iam

252 2810 361 2871 esset
389 2810 496 2873 natu.
548 2805 632 2870 Nam
662 2806 745 2871 hanc
775 2825 843 2872 esso
873 2806 938 2870 uim
967 2806 1113 2872 uocabuli
1143 2811 1275 2890 apparel
1304 2825 1375 2871 cum
1406 2825 1425 2870 e

251 2911 320 2977 loco
343 2911 520 2978 Herodoteo
543 2918 609 2977 tum
632 2932 671 2978 ex
694 2913 800 2997 hymn.
823 2912 891 2979 Oer.
915 2914 980 2978 219
1004 2932 1068 2995 seq.

340 3035 449 3100 παῖδα
473 3033 511 3100 da'
532 3059 591 3117 μοι
613 3033 712 3124 τρέφε
734 3033 836 3114 τόνδε,
860 3036 916 3100 τὸν
940 3030 1093 3124 ὀψίγονον
1115 3033 1173 3099 καί
1195 3033 1338 3100 όίελπτον

342 3139 481 3206 όίπασαν
504 3140 671 3221 ἀθάνατοι,
696 3140 899 3231 πολυάρητος
923 3140 960 3207 δέ
982 3137 1041 3223 μοί
1063 3139 1161 3205 ἐστιν.

252 3267 299 3334 Of.
322 3287 352 3333 u.
369 3267 441 3334 165.
478 3268 516 3332 In
530 3266 632 3333 Iliade
655 3273 687 3333 et
700 3266 844 3352 Odyssea
859 3261 1012 3354 ὀψίγονος
1034 3287 1157 3352 semper
1178 3287 1275 3332 unum
1289 3286 1383 3349 quem
1406 3288 1424 3332 e

251 3375 398 3459 posteris,
429 3375 612 3459 plerumque
647 3375 681 3439 in
711 3375 826 3458 plurali
848 3380 1001 3458 posteros,
1032 3373 1202 3457 significat,
1234 3374 1271 3440 cf.
1302 3377 1332 3436 Γ
1351 3373 1424 3439 353.

253 3484 291 3543 H
313 3483 365 3547 87.
387 3485 426 3544 H
438 3483 489 3549 31.
514 3504 535 3543 α
559 3482 639 3546 302;
662 3500 755 3563 quem
776 3500 867 3546 usum
891 3481 986 3546 etiam
1010 3482 1197 3547 recentiores
1219 3485 1331 3564 poetae
1355 3485 1426 3544 sunt

252 3587 350 3653 secuti
372 3586 419 3674 (ut
441 3588 500 3672 Ap.
523 3585 623 3654 Rhod.
648 3589 664 3651 l
689 3588 797 3671 1062).
844 3586 938 3672 Apud
962 3588 1041 3653 alios
1055 3593 1163 3671 poetas
1178 3587 1307 3653 uerbum
1325 3591 1424 3652 osten-

252 3693 299 3759 dir.
322 3694 373 3759 uel
395 3694 546 3760 infantem
571 3694 713 3777 (Theoor.
736 3694 843 3760 XXIV
866 3695 922 3779 31)
953 3695 1005 3760 uel
1036 3693 1268 3759 adulescentem
1298 3691 1424 3779 (Aesch.

251 3801 360 3885 Suppl.
384 3802 472 3884 347).
518 3802 629 3882 Itaque
652 3801 701 3866 his
724 3801 900 3867 notionibus
922 3800 957 3866 id
980 3821 1049 3867 esse
1072 3801 1228 3885 poeticum
1247 3800 1340 3865 facile
1355 3819 1425 3864 con-

253 3907 412 3973 cesserim:
445 3907 502 3972 illa
533 3912 637 3972 autom
671 3908 703 3971 ui
735 3927 817 3989 quae
849 3913 896 3972 est
928 3940 966 3961 =
999 3908 1206 3991 sp'atgeboren
1240 3906 1425 3992 (postumus)

252 4019 354 4098 potest
376 4014 471 4079 fuisse
493 4014 625 4097 uolgare
654 4020 686 4079 et
715 4013 844 4096 quidam
868 4014 1044 4098 technicus‚
1074 4019 1108 4078 ut
1137 4013 1238 4097 aiunt,
1268 4013 1427 4080 terminus.

341 4150 543 4232 παλίντονος.
590 4156 651 4221 VII
666 4157 706 4221 69
728 4147 882 4244 ’Λράβιοι
907 4153 943 4220 δὲ
967 4154 1074 4244 ζειρὰς
1092 4151 1315 4235 ὑπεζωσμένοι
1334 4140 1423 4243 ἦσαν,

252 4260 331 4340 τόξα
356 4259 393 4327 δὲ
414 4257 594 4327 παλίντονα
617 4252 700 4343 εἶχον
722 4261 807 4349 πρὸς
831 4260 937 4347 δεξιοί,
960 4259 1079 4349 μακρά.
1104 4261 1149 4329 Of.
1167 4262 1284 4329 6266.
1303 4265 1337 4325 Κ
1350 4262 1425 4327 459.

252 4373 290 4432 Π
311 4370 385 4437 443.
410 4392 435 4457 ην
460 4372 509 4437 11.
533 4369 585 4436 59.
631 4370 743 4437 Aesch.
769 4368 843 4436 Oho.
870 4368 941 4436 154.
966 4368 1059 4452 Soph.
1083 4368 1196 4435 Trach.
1220 4368 1294 4435 511.
1323 4368 1424 4452 Apoll.

253 4476 353 4543 Rhod.
370 4478 386 4542 I
409 4478 482 4544 993.
528 4477 724 4543 Uooabulum
747 4475 843 4541 etiam
857 4475 964 4540 Nostri
978 4482 1084 4540 aetate
1107 4475 1193 4559 apud
1207 4476 1299 4540 Iones
1312 4475 1425 4539 saltem

254 4583 402 4649 usitatum
432 4583 528 4649 fuisse
552 4603 570 4648 e
592 4584 611 4650 l.
635 4585 654 4651 l.
677 4583 746 4668 ipso
768 4589 843 4668 puto
866 4582 1002 4648 elucere:
1035 4603 1109 4647 nam
1139 4583 1166 4647 si
1189 4582 1253 4647 iam
1277 4601 1337 4646 uox
1359 4588 1425 4645 tam
