<?xml version="1.0" encoding="UTF-8"?>
<!DOCTYPE html PUBLIC "-//W3C//DTD XHTML 1.0 Transitional//EN"
    "http://www.w3.org/TR/xhtml1/DTD/xhtml1-transitional.dtd">
<html xmlns="http://www.w3.org/1999/xhtml" xml:lang="en" lang="en">
 <head>
  <title>
</title>
<meta http-equiv="Content-Type" content="text/html;charset=utf-8" />
  <meta name='ocr-system' content='tesseract 3.04.00' />
  <meta name='ocr-capabilities' content='ocr_page ocr_carea ocr_par ocr_line ocrx_word'/>
</head>
<body>
  <div class='ocr_page' id='page_1' title='image "./deuocabulisquae00frgoog_0081.png"; bbox 0 0 3492 5358; ppageno 0'>
   <div class='ocr_carea' id='block_1_1' title="bbox 772 437 997 503">
    <p class='ocr_par' dir='ltr' id='par_1_1' title="bbox 772 437 997 503">
     <span class='ocr_line' id='line_1_1' title="bbox 772 437 997 503; baseline 0.004 -20"><span class='ocrx_word' id='word_1_1' title='bbox 772 437 997 503; x_wconf 69' lang='grc' dir='ltr'><em>..γη-</em></span> 
     </span>
    </p>
   </div>
   <div class='ocr_carea' id='block_1_2' title="bbox 298 612 1470 837">
    <p class='ocr_par' dir='ltr' id='par_1_2' title="bbox 298 612 1470 837">
     <span class='ocr_line' id='line_1_2' title="bbox 298 612 1470 734; baseline 0.005 -22"><span class='ocrx_word' id='word_1_2' title='bbox 298 647 376 712; x_wconf 90' lang='lat' dir='ltr'>mini</span> <span class='ocrx_word' id='word_1_3' title='bbox 398 647 524 714; x_wconf 84' lang='lat' dir='ltr'>adioero</span> <span class='ocrx_word' id='word_1_4' title='bbox 553 612 751 713; x_wconf 75' lang='lat' dir='ltr'>oomueuiese</span> <span class='ocrx_word' id='word_1_5' title='bbox 783 647 882 732; x_wconf 75' lang='lat' dir='ltr'>patuis</span> <span class='ocrx_word' id='word_1_6' title='bbox 904 647 1172 733; x_wconf 74' lang='lat' dir='ltr'>significationem,</span> <span class='ocrx_word' id='word_1_7' title='bbox 1202 655 1238 714; x_wconf 83' lang='lat' dir='ltr'>ut</span> <span class='ocrx_word' id='word_1_8' title='bbox 1268 649 1349 717; x_wconf 77' lang='lat' dir='ltr'>haee</span> <span class='ocrx_word' id='word_1_9' title='bbox 1379 652 1470 734; x_wconf 78' lang='lat' dir='ltr'>quasi</span> 
     </span>
     <span class='ocr_line' id='line_1_3' title="bbox 298 753 1218 837; baseline 0.002 -18"><span class='ocrx_word' id='word_1_10' title='bbox 298 753 456 836; x_wconf 79' lang='lat' dir='ltr'><strong>quaedam</strong></span> <span class='ocrx_word' id='word_1_11' title='bbox 478 753 613 818; x_wconf 82' lang='lat' dir='ltr'>altera</span> <span class='ocrx_word' id='word_1_12' title='bbox 634 774 728 837; x_wconf 80' lang='lat' dir='ltr'>paro</span> <span class='ocrx_word' id='word_1_13' title='bbox 750 755 925 820; x_wconf 83' lang='lat' dir='ltr'>nominis</span> <span class='ocrx_word' id='word_1_14' title='bbox 947 755 1043 821; x_wconf 70' lang='lat' dir='ltr'>fuisse</span> <span class='ocrx_word' id='word_1_15' title='bbox 1065 755 1218 821; x_wconf 84' lang='lat' dir='ltr'>uideatur.</span> 
     </span>
    </p>
   </div>
   <div class='ocr_carea' id='block_1_3' title="bbox 298 905 1557 3337">
    <p class='ocr_par' dir='ltr' id='par_1_3' title="bbox 298 905 1557 3337">
     <span class='ocr_line' id='line_1_4' title="bbox 390 905 1473 999; baseline 0.005 -26"><span class='ocrx_word' id='word_1_16' title='bbox 390 918 458 996; x_wconf 89' lang='grc' dir='ltr'><em>πῦρ</em></span> <span class='ocrx_word' id='word_1_17' title='bbox 489 905 580 975; x_wconf 88' lang='grc' dir='ltr'><em>αἴθω.</em></span> <span class='ocrx_word' id='word_1_18' title='bbox 627 910 671 977; x_wconf 93' lang='lat' dir='ltr'>IV</span> <span class='ocrx_word' id='word_1_19' title='bbox 697 910 759 976; x_wconf 84' lang='lat'>145</span> <span class='ocrx_word' id='word_1_20' title='bbox 790 906 821 974; x_wconf 77' lang='grc' dir='ltr'>ολ</span> <span class='ocrx_word' id='word_1_21' title='bbox 853 908 890 976; x_wconf 82' lang='grc' dir='ltr'>δὲ</span> <span class='ocrx_word' id='word_1_22' title='bbox 918 908 1183 993; x_wconf 81' lang='grc' dir='ltr'><em>Λακεδαιμόνιοι</em></span> <span class='ocrx_word' id='word_1_23' title='bbox 1213 908 1388 999; x_wconf 75' lang='grc' dir='ltr'><em>ἀκηκοότες</em></span> <span class='ocrx_word' id='word_1_24' title='bbox 1416 912 1473 979; x_wconf 86' lang='grc' dir='ltr'>τὸν</span> 
     </span>
     <span class='ocr_line' id='line_1_5' title="bbox 298 1012 1473 1108; baseline 0.004 -28"><span class='ocrx_word' id='word_1_25' title='bbox 298 1014 393 1101; x_wconf 92' lang='grc' dir='ltr'><em>λόγον</em></span> <span class='ocrx_word' id='word_1_26' title='bbox 414 1027 472 1104; x_wconf 81' lang='grc' dir='ltr'>τῆς</span> <span class='ocrx_word' id='word_1_27' title='bbox 495 1027 602 1104; x_wconf 81' lang='grc' dir='ltr'><em>γενεῆς</em></span> <span class='ocrx_word' id='word_1_28' title='bbox 624 1024 687 1080; x_wconf 84' lang='grc' dir='ltr'>τῶν</span> <span class='ocrx_word' id='word_1_29' title='bbox 709 1021 859 1097; x_wconf 84' lang='grc' dir='ltr'><em>Μινυῶν,</em></span> <span class='ocrx_word' id='word_1_30' title='bbox 887 1017 1080 1105; x_wconf 75' lang='grc' dir='ltr'><em>πέμψαντες</em></span> <span class='ocrx_word' id='word_1_31' title='bbox 1101 1014 1141 1082; x_wconf 86' lang='grc' dir='ltr'>τὸ</span> <span class='ocrx_word' id='word_1_32' title='bbox 1167 1012 1311 1106; x_wconf 83' lang='grc' dir='ltr'><em>ἀεότερον</em></span> <span class='ocrx_word' id='word_1_33' title='bbox 1334 1015 1473 1108; x_wconf 84' lang='grc' dir='ltr'><em>εἰρώτων</em></span> 
     </span>
     <span class='ocr_line' id='line_1_6' title="bbox 299 1117 1472 1213; baseline 0.006 -27"><span class='ocrx_word' id='word_1_34' title='bbox 299 1117 335 1186; x_wconf 91' lang='grc' dir='ltr'>τί</span> <span class='ocrx_word' id='word_1_35' title='bbox 356 1119 516 1200; x_wconf 77' lang='grc' dir='ltr'><em>ἐθέλοντες</em></span> <span class='ocrx_word' id='word_1_36' title='bbox 539 1119 646 1211; x_wconf 80' lang='grc' dir='ltr'><em>η’κοιίν</em></span> <span class='ocrx_word' id='word_1_37' title='bbox 668 1145 704 1186; x_wconf 89' lang='grc' dir='ltr'>τε</span> <span class='ocrx_word' id='word_1_38' title='bbox 728 1120 761 1199; x_wconf 79' lang='grc' dir='ltr'>ἐς</span> <span class='ocrx_word' id='word_1_39' title='bbox 783 1122 841 1209; x_wconf 79' lang='grc' dir='ltr'>τὴν</span> <span class='ocrx_word' id='word_1_40' title='bbox 862 1122 967 1213; x_wconf 87' lang='grc' dir='ltr'><em>χώρην</em></span> <span class='ocrx_word' id='word_1_41' title='bbox 989 1121 1045 1188; x_wconf 88' lang='grc' dir='ltr'>καὶ</span> <span class='ocrx_word' id='word_1_42' title='bbox 1068 1133 1136 1211; x_wconf 93' lang='grc' dir='ltr'><em>πῦρ</em></span> <span class='ocrx_word' id='word_1_43' title='bbox 1159 1118 1291 1189; x_wconf 89' lang='grc' dir='ltr'><em>αἴθοιεν.</em></span> <span class='ocrx_word' id='word_1_44' title='bbox 1323 1126 1376 1192; x_wconf 86' lang='lat' dir='ltr'>Ad</span> <span class='ocrx_word' id='word_1_45' title='bbox 1391 1148 1472 1210; x_wconf 84' lang='lat' dir='ltr'>quae</span> 
     </span>
     <span class='ocr_line' id='line_1_7' title="bbox 299 1224 1473 1320; baseline 0 -24"><span class='ocrx_word' id='word_1_46' title='bbox 299 1231 450 1297; x_wconf 83' lang='lat' dir='ltr'>Steinius:</span> <span class='ocrx_word' id='word_1_47' title='bbox 475 1241 560 1318; x_wconf 72' lang='grc' dir='ltr'><em>,πῦρ</em></span> <span class='ocrx_word' id='word_1_48' title='bbox 584 1224 722 1310; x_wconf 75' lang='grc' dir='ltr'><em>αἴθοιεν,</em></span> <span class='ocrx_word' id='word_1_49' title='bbox 746 1232 895 1317; x_wconf 84' lang='lat' dir='ltr'>poetieoh.</span> <span class='ocrx_word' id='word_1_50' title='bbox 941 1230 1054 1300; x_wconf 85' lang='lat' dir='ltr'>Aesoh.</span> <span class='ocrx_word' id='word_1_51' title='bbox 1078 1234 1137 1315; x_wconf 81' lang='lat' dir='ltr'>Ag.</span> <span class='ocrx_word' id='word_1_52' title='bbox 1164 1235 1248 1299; x_wconf 81' lang='grc'><strong>1379</strong></span> <span class='ocrx_word' id='word_1_53' title='bbox 1273 1231 1386 1320; x_wconf 84' lang='grc'><strong>[1389]</strong></span> <span class='ocrx_word' id='word_1_54' title='bbox 1413 1232 1473 1309; x_wconf 72' lang='grc' dir='ltr'>ἕως</span> 
     </span>
     <span class='ocr_line' id='line_1_8' title="bbox 299 1330 1473 1425; baseline 0.002 -25"><span class='ocrx_word' id='word_1_55' title='bbox 299 1336 339 1400; x_wconf 78' lang='grc' dir='ltr'>ἀν</span> <span class='ocrx_word' id='word_1_56' title='bbox 362 1330 438 1425; x_wconf 84' lang='grc' dir='ltr'><em>αἴθη</em></span> <span class='ocrx_word' id='word_1_57' title='bbox 462 1346 530 1425; x_wconf 87' lang='grc' dir='ltr'><em>πῦρ</em></span> <span class='ocrx_word' id='word_1_58' title='bbox 553 1333 603 1425; x_wconf 80' lang='grc' dir='ltr'>ἐφ’</span> <span class='ocrx_word' id='word_1_59' title='bbox 627 1331 739 1413; x_wconf 70' lang='grc' dir='ltr'><em>ἑστίας</em></span> <span class='ocrx_word' id='word_1_60' title='bbox 769 1335 846 1425; x_wconf 79' lang='grc' dir='ltr'><em>ἕμης</em></span> <span class='ocrx_word' id='word_1_61' title='bbox 868 1332 1043 1424; x_wconf 88' lang='grc' dir='ltr'><em>Αἴγισθος.</em></span> <span class='ocrx_word' id='word_1_62' title='bbox 1090 1339 1182 1404; x_wconf 83' lang='lat' dir='ltr'>Sonst</span> <span class='ocrx_word' id='word_1_63' title='bbox 1210 1347 1278 1424; x_wconf 91' lang='grc' dir='ltr'><em>πῦρ</em></span> <span class='ocrx_word' id='word_1_64' title='bbox 1307 1335 1473 1402; x_wconf 78' lang='grc' dir='ltr'><em>ἀνακαίειν</em></span> 
     </span>
     <span class='ocr_line' id='line_1_9' title="bbox 301 1439 1472 1533; baseline 0.001 -23"><span class='ocrx_word' id='word_1_65' title='bbox 301 1443 350 1533; x_wconf 88' lang='grc'>(8)</span> <span class='ocrx_word' id='word_1_66' title='bbox 373 1443 450 1509; x_wconf 86' lang='lat' dir='ltr'>oder</span> <span class='ocrx_word' id='word_1_67' title='bbox 472 1439 605 1510; x_wconf 81' lang='grc' dir='ltr'><em>καίειν.“</em></span> <span class='ocrx_word' id='word_1_68' title='bbox 649 1443 804 1522; x_wconf 83' lang='lat' dir='ltr'>Quoniam</span> <span class='ocrx_word' id='word_1_69' title='bbox 826 1454 894 1532; x_wconf 88' lang='grc' dir='ltr'><em>πῦρ</em></span> <span class='ocrx_word' id='word_1_70' title='bbox 916 1439 1021 1509; x_wconf 85' lang='grc' dir='ltr'><em>καίειν</em></span> <span class='ocrx_word' id='word_1_71' title='bbox 1051 1442 1183 1532; x_wconf 80' lang='lat' dir='ltr'>(„Feuer</span> <span class='ocrx_word' id='word_1_72' title='bbox 1205 1443 1374 1529; x_wconf 84' lang='lat' dir='ltr'>brennen“)</span> <span class='ocrx_word' id='word_1_73' title='bbox 1405 1458 1472 1511; x_wconf 84' lang='lat' dir='ltr'>ess&#39;e</span> 
     </span>
     <span class='ocr_line' id='line_1_10' title="bbox 302 1550 1473 1634; baseline 0.001 -18"><span class='ocrx_word' id='word_1_74' title='bbox 302 1551 458 1634; x_wconf 76' lang='lat' dir='ltr'>poeticum</span> <span class='ocrx_word' id='word_1_75' title='bbox 481 1571 573 1615; x_wconf 93' lang='lat' dir='ltr'>nemo</span> <span class='ocrx_word' id='word_1_76' title='bbox 596 1550 776 1630; x_wconf 79' lang='lat' dir='ltr'>contendet,</span> <span class='ocrx_word' id='word_1_77' title='bbox 806 1571 846 1617; x_wconf 88' lang='lat' dir='ltr'>ne</span> <span class='ocrx_word' id='word_1_78' title='bbox 875 1552 944 1617; x_wconf 83' lang='lat' dir='ltr'>eius</span> <span class='ocrx_word' id='word_1_79' title='bbox 972 1550 1100 1633; x_wconf 87' lang='lat' dir='ltr'>quidem</span> <span class='ocrx_word' id='word_1_80' title='bbox 1129 1550 1293 1617; x_wconf 82' lang='lat' dir='ltr'>locutionis</span> <span class='ocrx_word' id='word_1_81' title='bbox 1322 1557 1473 1634; x_wconf 81' lang='lat' dir='ltr'>quaeest</span> 
     </span>
     <span class='ocr_line' id='line_1_11' title="bbox 299 1650 1472 1743; baseline 0.003 -24"><span class='ocrx_word' id='word_1_82' title='bbox 299 1666 367 1743; x_wconf 87' lang='grc' dir='ltr'><em>πῦρ</em></span> <span class='ocrx_word' id='word_1_83' title='bbox 390 1650 474 1720; x_wconf 84' lang='grc' dir='ltr'><em>αἴθω</em></span> <span class='ocrx_word' id='word_1_84' title='bbox 497 1657 592 1722; x_wconf 89' lang='lat' dir='ltr'>aliam</span> <span class='ocrx_word' id='word_1_85' title='bbox 615 1676 684 1722; x_wconf 83' lang='lat' dir='ltr'>esee</span> <span class='ocrx_word' id='word_1_86' title='bbox 712 1657 866 1723; x_wconf 89' lang='lat' dir='ltr'>rationem</span> <span class='ocrx_word' id='word_1_87' title='bbox 896 1656 1129 1723; x_wconf 77' lang='lat' dir='ltr'>eoncedendum</span> <span class='ocrx_word' id='word_1_88' title='bbox 1154 1657 1227 1741; x_wconf 88' lang='lat' dir='ltr'>erit,</span> <span class='ocrx_word' id='word_1_89' title='bbox 1256 1654 1317 1723; x_wconf 81' lang='lat' dir='ltr'>nisi</span> <span class='ocrx_word' id='word_1_90' title='bbox 1346 1656 1472 1723; x_wconf 87' lang='lat' dir='ltr'>demon-</span> 
     </span>
     <span class='ocr_line' id='line_1_12' title="bbox 301 1757 1473 1848; baseline 0.001 -20"><span class='ocrx_word' id='word_1_91' title='bbox 301 1769 431 1828; x_wconf 84' lang='lat' dir='ltr'>stratum</span> <span class='ocrx_word' id='word_1_92' title='bbox 454 1764 512 1828; x_wconf 87' lang='lat' dir='ltr'>erit</span> <span class='ocrx_word' id='word_1_93' title='bbox 534 1764 663 1828; x_wconf 89' lang='lat' dir='ltr'>uerbum</span> <span class='ocrx_word' id='word_1_94' title='bbox 696 1757 779 1826; x_wconf 86' lang='grc' dir='ltr'><em>αἴθω</em></span> <span class='ocrx_word' id='word_1_95' title='bbox 811 1783 879 1828; x_wconf 80' lang='lat' dir='ltr'>esee</span> <span class='ocrx_word' id='word_1_96' title='bbox 908 1783 993 1830; x_wconf 89' lang='lat' dir='ltr'>mere</span> <span class='ocrx_word' id='word_1_97' title='bbox 1022 1764 1187 1848; x_wconf 81' lang='lat' dir='ltr'>poetieam.</span> <span class='ocrx_word' id='word_1_98' title='bbox 1232 1765 1316 1830; x_wconf 83' lang='lat' dir='ltr'>Sane</span> <span class='ocrx_word' id='word_1_99' title='bbox 1344 1763 1473 1846; x_wconf 85' lang='lat' dir='ltr'>quidem</span> 
     </span>
     <span class='ocr_line' id='line_1_13' title="bbox 301 1868 1472 1957; baseline 0 -23"><span class='ocrx_word' id='word_1_100' title='bbox 301 1870 397 1935; x_wconf 84' lang='lat' dir='ltr'>etiam</span> <span class='ocrx_word' id='word_1_101' title='bbox 428 1869 490 1935; x_wconf 83' lang='lat' dir='ltr'>hao</span> <span class='ocrx_word' id='word_1_102' title='bbox 526 1870 693 1935; x_wconf 82' lang='lat' dir='ltr'>transitiua</span> <span class='ocrx_word' id='word_1_103' title='bbox 727 1870 852 1935; x_wconf 90' lang='lat' dir='ltr'>notione</span> <span class='ocrx_word' id='word_1_104' title='bbox 889 1870 1056 1954; x_wconf 86' lang='lat' dir='ltr'>(„brennen</span> <span class='ocrx_word' id='word_1_105' title='bbox 1097 1868 1233 1957; x_wconf 54' lang='grc' dir='ltr'><em>ποιοῦ)</em></span> <span class='ocrx_word' id='word_1_106' title='bbox 1263 1870 1472 1952; x_wconf 77' lang='lat' dir='ltr'>frequentissi-</span> 
     </span>
     <span class='ocr_line' id='line_1_14' title="bbox 300 1974 1471 2063; baseline 0.003 -23"><span class='ocrx_word' id='word_1_107' title='bbox 300 1996 387 2040; x_wconf 91' lang='lat' dir='ltr'>mum</span> <span class='ocrx_word' id='word_1_108' title='bbox 417 1981 463 2040; x_wconf 84' lang='lat' dir='ltr'>est</span> <span class='ocrx_word' id='word_1_109' title='bbox 492 1974 578 2060; x_wconf 89' lang='lat' dir='ltr'>apud</span> <span class='ocrx_word' id='word_1_110' title='bbox 607 1982 716 2059; x_wconf 83' lang='lat' dir='ltr'>poetae</span> <span class='ocrx_word' id='word_1_111' title='bbox 745 1975 797 2063; x_wconf 80' lang='lat' dir='ltr'>(of.</span> <span class='ocrx_word' id='word_1_112' title='bbox 826 1976 940 2042; x_wconf 80' lang='lat' dir='ltr'>Aesoh.</span> <span class='ocrx_word' id='word_1_113' title='bbox 967 1976 1061 2045; x_wconf 81' lang='lat' dir='ltr'>Ghoe.</span> <span class='ocrx_word' id='word_1_114' title='bbox 1085 1977 1149 2041; x_wconf 80' lang='lat'>591</span> <span class='ocrx_word' id='word_1_115' title='bbox 1174 1974 1225 2063; x_wconf 73' lang='grc' dir='ltr'>(λ).</span> <span class='ocrx_word' id='word_1_116' title='bbox 1274 1976 1369 2061; x_wconf 84' lang='lat' dir='ltr'>Soph.</span> <span class='ocrx_word' id='word_1_117' title='bbox 1391 1976 1471 2044; x_wconf 80' lang='lat' dir='ltr'>Phiu</span> 
     </span>
     <span class='ocr_line' id='line_1_15' title="bbox 306 2078 1472 2170; baseline 0.001 -24"><span class='ocrx_word' id='word_1_118' title='bbox 306 2083 399 2148; x_wconf 72' lang='lat'>1022.</span> <span class='ocrx_word' id='word_1_119' title='bbox 445 2081 517 2146; x_wconf 79' lang='lat' dir='ltr'>Eur.</span> <span class='ocrx_word' id='word_1_120' title='bbox 540 2081 633 2149; x_wconf 66' lang='lat' dir='ltr'>Rhea</span> <span class='ocrx_word' id='word_1_121' title='bbox 657 2082 700 2147; x_wconf 84' lang='lat'>95</span> <span class='ocrx_word' id='word_1_122' title='bbox 723 2081 775 2169; x_wconf 84' lang='lat' dir='ltr'>(ef.</span> <span class='ocrx_word' id='word_1_123' title='bbox 798 2078 971 2169; x_wconf 84' lang='grc' dir='ltr'><em>ποραίθειν</em></span> <span class='ocrx_word' id='word_1_124' title='bbox 992 2080 1036 2170; x_wconf 73' lang='grc' dir='ltr'>(λ)</span> <span class='ocrx_word' id='word_1_125' title='bbox 1059 2085 1111 2148; x_wconf 84' lang='grc'>41.</span> <span class='ocrx_word' id='word_1_126' title='bbox 1135 2084 1186 2149; x_wconf 82' lang='lat'>78.</span> <span class='ocrx_word' id='word_1_127' title='bbox 1210 2081 1297 2168; x_wconf 79' lang='lat'><strong>823).</strong></span> <span class='ocrx_word' id='word_1_128' title='bbox 1341 2082 1472 2148; x_wconf 81' lang='lat' dir='ltr'>Theeer.</span> 
     </span>
     <span class='ocr_line' id='line_1_16' title="bbox 302 2187 1472 2274; baseline 0 -21"><span class='ocrx_word' id='word_1_129' title='bbox 302 2189 334 2253; x_wconf 91' lang='grc' dir='ltr'>ΙΙ</span> <span class='ocrx_word' id='word_1_130' title='bbox 357 2190 409 2255; x_wconf 81' lang='grc'>24.</span> <span class='ocrx_word' id='word_1_131' title='bbox 435 2190 507 2254; x_wconf 86' lang='grc'><strong>134.</strong></span> <span class='ocrx_word' id='word_1_132' title='bbox 551 2189 620 2272; x_wconf 83' lang='lat' dir='ltr'><strong>Syr.</strong></span> <span class='ocrx_word' id='word_1_133' title='bbox 644 2191 666 2252; x_wconf 90' lang='grc'>4</span> <span class='ocrx_word' id='word_1_134' title='bbox 695 2188 834 2274; x_wconf 86' lang='lat' dir='ltr'>(Anthoi.</span> <span class='ocrx_word' id='word_1_135' title='bbox 856 2190 915 2255; x_wconf 88' lang='lat' dir='ltr'>XV</span> <span class='ocrx_word' id='word_1_136' title='bbox 938 2187 1004 2273; x_wconf 81' lang='lat'>21).</span> <span class='ocrx_word' id='word_1_137' title='bbox 1049 2187 1162 2255; x_wconf 89' lang='lat' dir='ltr'>Rhian.</span> <span class='ocrx_word' id='word_1_138' title='bbox 1185 2189 1310 2256; x_wconf 88' lang='lat' dir='ltr'>Anthol.</span> <span class='ocrx_word' id='word_1_139' title='bbox 1333 2189 1398 2252; x_wconf 81' lang='lat' dir='ltr'>XII</span> <span class='ocrx_word' id='word_1_140' title='bbox 1420 2190 1472 2273; x_wconf 82' lang='lat'>93,</span> 
     </span>
     <span class='ocr_line' id='line_1_17' title="bbox 300 2292 1473 2380; baseline 0.001 -21"><span class='ocrx_word' id='word_1_141' title='bbox 300 2296 321 2359; x_wconf 94' lang='grc'><strong>9</strong></span> <span class='ocrx_word' id='word_1_142' title='bbox 345 2292 443 2380; x_wconf 82' lang='lat' dir='ltr'>cett.):</span> <span class='ocrx_word' id='word_1_143' title='bbox 467 2293 523 2359; x_wconf 80' lang='lat' dir='ltr'>aed</span> <span class='ocrx_word' id='word_1_144' title='bbox 546 2314 607 2359; x_wconf 88' lang='lat' dir='ltr'>uno</span> <span class='ocrx_word' id='word_1_145' title='bbox 630 2296 699 2359; x_wconf 84' lang='lat' dir='ltr'>loeo</span> <span class='ocrx_word' id='word_1_146' title='bbox 721 2294 806 2360; x_wconf 87' lang='lat' dir='ltr'>idem</span> <span class='ocrx_word' id='word_1_147' title='bbox 829 2296 944 2377; x_wconf 81' lang='lat' dir='ltr'>legitur</span> <span class='ocrx_word' id='word_1_148' title='bbox 966 2294 1052 2379; x_wconf 88' lang='lat' dir='ltr'>apud</span> <span class='ocrx_word' id='word_1_149' title='bbox 1074 2295 1321 2380; x_wconf 80' lang='lat' dir='ltr'>Xenophontem,</span> <span class='ocrx_word' id='word_1_150' title='bbox 1344 2295 1404 2362; x_wconf 84' lang='lat' dir='ltr'>An.</span> <span class='ocrx_word' id='word_1_151' title='bbox 1429 2295 1473 2360; x_wconf 87' lang='lat' dir='ltr'>IV</span> 
     </span>
     <span class='ocr_line' id='line_1_18' title="bbox 302 2395 1473 2487; baseline -0.003 -21"><span class='ocrx_word' id='word_1_152' title='bbox 302 2401 331 2484; x_wconf 78' lang='lat'>7,</span> <span class='ocrx_word' id='word_1_153' title='bbox 355 2402 414 2466; x_wconf 82' lang='lat'>20:</span> <span class='ocrx_word' id='word_1_154' title='bbox 446 2398 502 2462; x_wconf 85' lang='grc' dir='ltr'>καί</span> <span class='ocrx_word' id='word_1_155' title='bbox 526 2400 696 2487; x_wconf 75' lang='grc' dir='ltr'><em>ἡγούμενος</em></span> <span class='ocrx_word' id='word_1_156' title='bbox 720 2398 796 2465; x_wconf 80' lang='grc' dir='ltr'><em>ἐπεὶ</em></span> <span class='ocrx_word' id='word_1_157' title='bbox 817 2398 964 2484; x_wconf 78' lang='grc' dir='ltr'><em>ἐνέβαλεν</em></span> <span class='ocrx_word' id='word_1_158' title='bbox 993 2397 1041 2478; x_wconf 81' lang='grc' dir='ltr'>εἰς</span> <span class='ocrx_word' id='word_1_159' title='bbox 1068 2400 1126 2487; x_wconf 78' lang='grc' dir='ltr'>τὴν</span> <span class='ocrx_word' id='word_1_160' title='bbox 1155 2395 1283 2477; x_wconf 73' lang='grc' dir='ltr'><em>ἑαυτοῖς</em></span> <span class='ocrx_word' id='word_1_161' title='bbox 1311 2396 1473 2482; x_wconf 80' lang='grc' dir='ltr'><em>πολεμίαν</em></span> 
     </span>
     <span class='ocr_line' id='line_1_19' title="bbox 301 2492 1473 2596; baseline 0.003 -28"><span class='ocrx_word' id='word_1_162' title='bbox 301 2505 536 2593; x_wconf 80' lang='grc' dir='ltr'><em>παρεκελεόετο</em></span> <span class='ocrx_word' id='word_1_163' title='bbox 565 2501 670 2571; x_wconf 84' lang='grc' dir='ltr'><em>αἴθειν</em></span> <span class='ocrx_word' id='word_1_164' title='bbox 705 2505 763 2570; x_wconf 86' lang='grc' dir='ltr'>καί</span> <span class='ocrx_word' id='word_1_165' title='bbox 800 2504 944 2596; x_wconf 75' lang='grc' dir='ltr'><em>φθείρειν</em></span> <span class='ocrx_word' id='word_1_166' title='bbox 979 2507 1037 2594; x_wconf 80' lang='grc' dir='ltr'>τὴν</span> <span class='ocrx_word' id='word_1_167' title='bbox 1069 2506 1185 2596; x_wconf 79' lang='grc' dir='ltr'><em>χώραν.</em></span> <span class='ocrx_word' id='word_1_168' title='bbox 1239 2492 1351 2590; x_wconf 80' lang='lat' dir='ltr'>Neque</span> <span class='ocrx_word' id='word_1_169' title='bbox 1393 2506 1473 2572; x_wconf 83' lang='lat' dir='ltr'>illud</span> 
     </span>
     <span class='ocr_line' id='line_1_20' title="bbox 304 2608 1524 2699; baseline 0 -22"><span class='ocrx_word' id='word_1_170' title='bbox 304 2613 565 2698; x_wconf 81' lang='lat' dir='ltr'>praetereundum</span> <span class='ocrx_word' id='word_1_171' title='bbox 588 2620 635 2679; x_wconf 85' lang='lat' dir='ltr'>est</span> <span class='ocrx_word' id='word_1_172' title='bbox 648 2615 808 2698; x_wconf 79' lang='lat' dir='ltr'>passiuum</span> <span class='ocrx_word' id='word_1_173' title='bbox 831 2608 984 2677; x_wconf 80' lang='grc' dir='ltr'><em>αἴθεσθαι</em></span> <span class='ocrx_word' id='word_1_174' title='bbox 1008 2646 1048 2668; x_wconf 87' lang='lat'><em>=</em></span> <span class='ocrx_word' id='word_1_175' title='bbox 1073 2614 1472 2699; x_wconf 77' lang='lat' dir='ltr'>„brennen“int1ansitiue,</span> <span class='ocrx_word' id='word_1_176' title='bbox 1519 2629 1524 2638; x_wconf 84' lang='grc'>’</span> 
     </span>
     <span class='ocr_line' id='line_1_21' title="bbox 302 2718 1473 2805; baseline 0.001 -21"><span class='ocrx_word' id='word_1_177' title='bbox 302 2718 388 2804; x_wconf 87' lang='lat' dir='ltr'>apud</span> <span class='ocrx_word' id='word_1_178' title='bbox 421 2720 555 2785; x_wconf 91' lang='lat' dir='ltr'>eundem</span> <span class='ocrx_word' id='word_1_179' title='bbox 587 2721 735 2804; x_wconf 83' lang='lat' dir='ltr'>seriptum</span> <span class='ocrx_word' id='word_1_180' title='bbox 766 2720 869 2785; x_wconf 88' lang='lat' dir='ltr'>uideri</span> <span class='ocrx_word' id='word_1_181' title='bbox 897 2720 1149 2805; x_wconf 86' lang='lat' dir='ltr'>Xenophontem,</span> <span class='ocrx_word' id='word_1_182' title='bbox 1180 2722 1265 2787; x_wconf 88' lang='lat' dir='ltr'>uelut</span> <span class='ocrx_word' id='word_1_183' title='bbox 1291 2721 1325 2786; x_wconf 90' lang='lat' dir='ltr'>in</span> <span class='ocrx_word' id='word_1_184' title='bbox 1347 2722 1406 2786; x_wconf 84' lang='lat' dir='ltr'>An.</span> <span class='ocrx_word' id='word_1_185' title='bbox 1428 2720 1473 2785; x_wconf 89' lang='lat' dir='ltr'>VI</span> 
     </span>
     <span class='ocr_line' id='line_1_22' title="bbox 301 2821 1473 2916; baseline 0.001 -25"><span class='ocrx_word' id='word_1_186' title='bbox 301 2828 321 2890; x_wconf 90' lang='lat'>3</span> <span class='ocrx_word' id='word_1_187' title='bbox 346 2826 411 2911; x_wconf 84' lang='lat'>(1),</span> <span class='ocrx_word' id='word_1_188' title='bbox 439 2829 478 2891; x_wconf 94' lang='grc'><strong>19</strong></span> <span class='ocrx_word' id='word_1_189' title='bbox 502 2830 598 2889; x_wconf 81' lang='grc' dir='ltr'><em>πᾶσα</em></span> <span class='ocrx_word' id='word_1_190' title='bbox 621 2827 641 2913; x_wconf 77' lang='grc' dir='ltr'><em>ἦ</em></span> <span class='ocrx_word' id='word_1_191' title='bbox 661 2824 748 2916; x_wconf 86' lang='grc' dir='ltr'><em>χώρη</em></span> <span class='ocrx_word' id='word_1_192' title='bbox 778 2821 930 2891; x_wconf 89' lang='grc' dir='ltr'><em>αἴθεσθαι</em></span> <span class='ocrx_word' id='word_1_193' title='bbox 960 2823 1077 2893; x_wconf 77' lang='grc' dir='ltr'><em>ἐδόκει.</em></span> <span class='ocrx_word' id='word_1_194' title='bbox 1123 2827 1194 2912; x_wconf 83' lang='lat' dir='ltr'><strong>Gyr.</strong></span> <span class='ocrx_word' id='word_1_195' title='bbox 1224 2827 1253 2892; x_wconf 89' lang='lat' dir='ltr'><strong>V</strong></span> <span class='ocrx_word' id='word_1_196' title='bbox 1277 2829 1312 2911; x_wconf 93' lang='lat'>1,</span> <span class='ocrx_word' id='word_1_197' title='bbox 1337 2828 1379 2892; x_wconf 79' lang='lat'>15</span> <span class='ocrx_word' id='word_1_198' title='bbox 1402 2824 1473 2914; x_wconf 82' lang='grc'><strong>(16)</strong></span> 
     </span>
     <span class='ocr_line' id='line_1_23' title="bbox 301 2927 1557 3019; baseline 0 -25"><span class='ocrx_word' id='word_1_199' title='bbox 301 2931 340 2994; x_wconf 88' lang='grc' dir='ltr'>τὸ</span> <span class='ocrx_word' id='word_1_200' title='bbox 362 2929 420 3012; x_wconf 79' lang='grc' dir='ltr'>μὲν</span> <span class='ocrx_word' id='word_1_201' title='bbox 441 2942 508 3019; x_wconf 90' lang='grc' dir='ltr'>πῦρ</span> <span class='ocrx_word' id='word_1_202' title='bbox 531 2932 605 3008; x_wconf 80' lang='grc' dir='ltr'><em>τοῦς</em></span> <span class='ocrx_word' id='word_1_203' title='bbox 618 2931 820 3015; x_wconf 75' lang='grc' dir='ltr'><em>ἁπτομένους</em></span> <span class='ocrx_word' id='word_1_204' title='bbox 839 2929 937 3011; x_wconf 87' lang='grc' dir='ltr'><em>καίει,</em></span> <span class='ocrx_word' id='word_1_205' title='bbox 963 2927 994 2997; x_wconf 73' lang='grc' dir='ltr'>οἳ</span> <span class='ocrx_word' id='word_1_206' title='bbox 1018 2932 1054 2998; x_wconf 80' lang='grc' dir='ltr'>δὲ</span> <span class='ocrx_word' id='word_1_207' title='bbox 1076 2931 1172 2997; x_wconf 83' lang='grc' dir='ltr'><em>καλοί</em></span> <span class='ocrx_word' id='word_1_208' title='bbox 1191 2930 1335 3008; x_wconf 77' lang='grc' dir='ltr'><em>καὶτοὺς</em></span> <span class='ocrx_word' id='word_1_209' title='bbox 1349 2930 1474 2996; x_wconf 79' lang='grc' dir='ltr'><em>ἀποθεν</em></span> <span class='ocrx_word' id='word_1_210' title='bbox 1554 2956 1557 2961; x_wconf 56' lang='lat'><strong>⁴</strong></span> 
     </span>
     <span class='ocr_line' id='line_1_24' title="bbox 303 3033 1472 3126; baseline 0.003 -26"><span class='ocrx_word' id='word_1_211' title='bbox 303 3035 478 3119; x_wconf 83' lang='grc' dir='ltr'><em>θεωμένους</em></span> <span class='ocrx_word' id='word_1_212' title='bbox 499 3037 716 3125; x_wconf 79' lang='grc' dir='ltr'><em>ὑφάπτουσιν,</em></span> <span class='ocrx_word' id='word_1_213' title='bbox 742 3040 826 3103; x_wconf 81' lang='grc' dir='ltr'><em>ὥστε</em></span> <span class='ocrx_word' id='word_1_214' title='bbox 850 3033 1002 3104; x_wconf 79' lang='grc' dir='ltr'><em>αἴθεσθαι</em></span> <span class='ocrx_word' id='word_1_215' title='bbox 1024 3043 1071 3125; x_wconf 80' lang='grc' dir='ltr'>τῷ</span> <span class='ocrx_word' id='word_1_216' title='bbox 1096 3034 1201 3126; x_wconf 77' lang='grc' dir='ltr'><em>ἴριυτι.</em></span> <span class='ocrx_word' id='word_1_217' title='bbox 1241 3039 1345 3118; x_wconf 83' lang='lat' dir='ltr'>Quare</span> <span class='ocrx_word' id='word_1_218' title='bbox 1367 3039 1472 3104; x_wconf 81' lang='lat' dir='ltr'>neseio</span> 
     </span>
     <span class='ocr_line' id='line_1_25' title="bbox 303 3140 1473 3233; baseline 0 -24"><span class='ocrx_word' id='word_1_219' title='bbox 303 3165 344 3209; x_wconf 91' lang='lat' dir='ltr'>an</span> <span class='ocrx_word' id='word_1_220' title='bbox 367 3144 544 3210; x_wconf 85' lang='lat' dir='ltr'>Herodotus</span> <span class='ocrx_word' id='word_1_221' title='bbox 574 3146 642 3229; x_wconf 85' lang='lat' dir='ltr'>ipse</span> <span class='ocrx_word' id='word_1_222' title='bbox 674 3166 745 3212; x_wconf 88' lang='lat' dir='ltr'>oum</span> <span class='ocrx_word' id='word_1_223' title='bbox 776 3147 923 3213; x_wconf 80' lang='lat' dir='ltr'>scriberet</span> <span class='ocrx_word' id='word_1_224' title='bbox 954 3156 1022 3233; x_wconf 91' lang='grc' dir='ltr'><em>πῦρ</em></span> <span class='ocrx_word' id='word_1_225' title='bbox 1049 3140 1172 3211; x_wconf 78' lang='grc' dir='ltr'><em>αἴθοιεν</em></span> <span class='ocrx_word' id='word_1_226' title='bbox 1203 3147 1263 3211; x_wconf 81' lang='lat' dir='ltr'>sibi</span> <span class='ocrx_word' id='word_1_227' title='bbox 1295 3147 1380 3212; x_wconf 81' lang='lat' dir='ltr'>uisus</span> <span class='ocrx_word' id='word_1_228' title='bbox 1410 3165 1473 3211; x_wconf 93' lang='lat' dir='ltr'>non</span> 
     </span>
     <span class='ocr_line' id='line_1_26' title="bbox 302 3249 875 3337; baseline 0.01 -22"><span class='ocrx_word' id='word_1_229' title='bbox 302 3250 342 3315; x_wconf 84' lang='lat' dir='ltr'>eit</span> <span class='ocrx_word' id='word_1_230' title='bbox 364 3249 552 3316; x_wconf 81' lang='lat' dir='ltr'>locutionem</span> <span class='ocrx_word' id='word_1_231' title='bbox 572 3272 689 3336; x_wconf 86' lang='lat' dir='ltr'>ponere</span> <span class='ocrx_word' id='word_1_232' title='bbox 711 3252 875 3337; x_wconf 87' lang='lat' dir='ltr'>poetieam.</span> 
     </span>
    </p>
   </div>
   <div class='ocr_carea' id='block_1_4' title="bbox 302 3408 1475 4775">
    <p class='ocr_par' dir='ltr' id='par_1_4' title="bbox 302 3408 1475 4775">
     <span class='ocr_line' id='line_1_27' title="bbox 391 3408 1473 3496; baseline 0.002 -21"><span class='ocrx_word' id='word_1_233' title='bbox 391 3409 445 3475; x_wconf 84' lang='lat' dir='ltr'>Ad</span> <span class='ocrx_word' id='word_1_234' title='bbox 467 3408 561 3475; x_wconf 90' lang='lat' dir='ltr'>finem</span> <span class='ocrx_word' id='word_1_235' title='bbox 585 3409 788 3494; x_wconf 81' lang='lat' dir='ltr'>perduximus</span> <span class='ocrx_word' id='word_1_236' title='bbox 820 3410 1062 3496; x_wconf 81' lang='lat' dir='ltr'>disputationem</span> <span class='ocrx_word' id='word_1_237' title='bbox 1085 3411 1126 3478; x_wconf 86' lang='lat' dir='ltr'>de</span> <span class='ocrx_word' id='word_1_238' title='bbox 1156 3410 1316 3478; x_wconf 79' lang='lat' dir='ltr'>uocabulis</span> <span class='ocrx_word' id='word_1_239' title='bbox 1339 3417 1370 3477; x_wconf 90' lang='lat' dir='ltr'>et</span> <span class='ocrx_word' id='word_1_240' title='bbox 1391 3412 1473 3477; x_wconf 87' lang='lat' dir='ltr'>ioou-</span> 
     </span>
     <span class='ocr_line' id='line_1_28' title="bbox 303 3499 1473 3602; baseline 0.001 -21"><span class='ocrx_word' id='word_1_241' title='bbox 303 3517 439 3582; x_wconf 82' lang='lat' dir='ltr'>tionibus</span> <span class='ocrx_word' id='word_1_242' title='bbox 474 3535 556 3598; x_wconf 89' lang='lat' dir='ltr'>quae</span> <span class='ocrx_word' id='word_1_243' title='bbox 593 3516 679 3602; x_wconf 90' lang='lat' dir='ltr'>apud</span> <span class='ocrx_word' id='word_1_244' title='bbox 715 3517 908 3583; x_wconf 81' lang='lat' dir='ltr'>Herodotum</span> <span class='ocrx_word' id='word_1_245' title='bbox 954 3499 1112 3584; x_wconf 34' lang='lat' dir='ltr'>dicuntur*</span> <span class='ocrx_word' id='word_1_246' title='bbox 1135 3538 1203 3584; x_wconf 81' lang='lat' dir='ltr'>esee</span> <span class='ocrx_word' id='word_1_247' title='bbox 1246 3518 1372 3602; x_wconf 83' lang='lat' dir='ltr'>poetioa</span> <span class='ocrx_word' id='word_1_248' title='bbox 1406 3518 1473 3583; x_wconf 78' lang='lat' dir='ltr'>siue</span> 
     </span>
     <span class='ocr_line' id='line_1_29' title="bbox 303 3623 1474 3707; baseline 0.002 -20"><span class='ocrx_word' id='word_1_249' title='bbox 303 3623 478 3690; x_wconf 88' lang='lat' dir='ltr'>Homerioa.</span> <span class='ocrx_word' id='word_1_250' title='bbox 507 3624 554 3688; x_wconf 87' lang='lat' dir='ltr'>Ao</span> <span class='ocrx_word' id='word_1_251' title='bbox 567 3625 717 3707; x_wconf 84' lang='lat' dir='ltr'>pleraque</span> <span class='ocrx_word' id='word_1_252' title='bbox 730 3625 824 3706; x_wconf 81' lang='lat' dir='ltr'>longe</span> <span class='ocrx_word' id='word_1_253' title='bbox 838 3644 906 3690; x_wconf 82' lang='lat' dir='ltr'>esee</span> <span class='ocrx_word' id='word_1_254' title='bbox 921 3624 1046 3690; x_wconf 90' lang='lat' dir='ltr'>omnino</span> <span class='ocrx_word' id='word_1_255' title='bbox 1068 3645 1170 3707; x_wconf 90' lang='lat' dir='ltr'>neque</span> <span class='ocrx_word' id='word_1_256' title='bbox 1183 3625 1351 3690; x_wconf 79' lang='lat' dir='ltr'>Homerica</span> <span class='ocrx_word' id='word_1_257' title='bbox 1372 3644 1474 3706; x_wconf 87' lang='lat' dir='ltr'>neque</span> 
     </span>
     <span class='ocr_line' id='line_1_30' title="bbox 302 3730 1473 3818; baseline -0.002 -21"><span class='ocrx_word' id='word_1_258' title='bbox 302 3733 426 3815; x_wconf 81' lang='lat' dir='ltr'>poetica</span> <span class='ocrx_word' id='word_1_259' title='bbox 448 3737 568 3796; x_wconf 83' lang='lat' dir='ltr'>tantum</span> <span class='ocrx_word' id='word_1_260' title='bbox 590 3730 736 3817; x_wconf 80' lang='lat' dir='ltr'>uidimus,</span> <span class='ocrx_word' id='word_1_261' title='bbox 759 3731 800 3798; x_wconf 91' lang='lat' dir='ltr'>de</span> <span class='ocrx_word' id='word_1_262' title='bbox 816 3733 973 3799; x_wconf 78' lang='lat' dir='ltr'>nonnullis</span> <span class='ocrx_word' id='word_1_263' title='bbox 994 3753 1085 3818; x_wconf 78' lang='lat' dir='ltr'>poseo</span> <span class='ocrx_word' id='word_1_264' title='bbox 1106 3733 1243 3799; x_wconf 85' lang='lat' dir='ltr'>dubitari</span> <span class='ocrx_word' id='word_1_265' title='bbox 1265 3731 1473 3798; x_wconf 81' lang='lat' dir='ltr'>oonoeseimue</span> 
     </span>
     <span class='ocr_line' id='line_1_31' title="bbox 303 3833 1471 3928; baseline -0.001 -26"><span class='ocrx_word' id='word_1_266' title='bbox 303 3838 413 3921; x_wconf 88' lang='lat' dir='ltr'>(ueluti</span> <span class='ocrx_word' id='word_1_267' title='bbox 442 3836 483 3903; x_wconf 88' lang='lat' dir='ltr'>de</span> <span class='ocrx_word' id='word_1_268' title='bbox 507 3833 650 3927; x_wconf 84' lang='grc' dir='ltr'><em>ἀϊθρείη,</em></span> <span class='ocrx_word' id='word_1_269' title='bbox 683 3837 845 3926; x_wconf 79' lang='grc' dir='ltr'><em>ἀηλήμιον,</em></span> <span class='ocrx_word' id='word_1_270' title='bbox 884 3833 977 3926; x_wconf 71' lang='grc' dir='ltr'><em>ἔργα,</em></span> <span class='ocrx_word' id='word_1_271' title='bbox 1016 3835 1144 3917; x_wconf 80' lang='grc' dir='ltr'><em>θαλίαι,</em></span> <span class='ocrx_word' id='word_1_272' title='bbox 1178 3837 1332 3928; x_wconf 87' lang='grc' dir='ltr'><em>κακότης,</em></span> <span class='ocrx_word' id='word_1_273' title='bbox 1363 3848 1471 3924; x_wconf 75' lang='grc' dir='ltr'><em>μῆχος,</em></span> 
     </span>
     <span class='ocr_line' id='line_1_32' title="bbox 303 3939 1471 4034; baseline 0 -27"><span class='ocrx_word' id='word_1_274' title='bbox 303 3954 448 4030; x_wconf 77' lang='grc' dir='ltr'><em>μνῆστις,</em></span> <span class='ocrx_word' id='word_1_275' title='bbox 472 3942 579 4030; x_wconf 88' lang='grc' dir='ltr'><em>μόρος,</em></span> <span class='ocrx_word' id='word_1_276' title='bbox 604 3946 717 4025; x_wconf 88' lang='grc' dir='ltr'><em>νεῖκος,</em></span> <span class='ocrx_word' id='word_1_277' title='bbox 742 3943 859 4024; x_wconf 87' lang='grc' dir='ltr'><em>πόνος,</em></span> <span class='ocrx_word' id='word_1_278' title='bbox 885 3944 1074 4034; x_wconf 90' lang='grc' dir='ltr'><em>ἀλλόθροος,</em></span> <span class='ocrx_word' id='word_1_279' title='bbox 1100 3941 1267 4034; x_wconf 76' lang='grc' dir='ltr'><em>ἀρίδηλος,</em></span> <span class='ocrx_word' id='word_1_280' title='bbox 1292 3939 1471 4031; x_wconf 71' lang='grc' dir='ltr'><em>ἑτεραλκής,</em></span> 
     </span>
     <span class='ocr_line' id='line_1_33' title="bbox 304 4047 1473 4140; baseline 0.001 -29"><span class='ocrx_word' id='word_1_281' title='bbox 304 4048 474 4135; x_wconf 75' lang='grc' dir='ltr'><em>θυμαλγής,</em></span> <span class='ocrx_word' id='word_1_282' title='bbox 500 4051 709 4133; x_wconf 82' lang='grc' dir='ltr'><em>καταθύμιος,</em></span> <span class='ocrx_word' id='word_1_283' title='bbox 733 4051 959 4137; x_wconf 77' lang='grc' dir='ltr'><em>(ἀποθῦμιος),</em></span> <span class='ocrx_word' id='word_1_284' title='bbox 982 4047 1166 4140; x_wconf 81' lang='grc' dir='ltr'><em>μιαίφονος,</em></span> <span class='ocrx_word' id='word_1_285' title='bbox 1191 4048 1326 4137; x_wconf 85' lang='grc' dir='ltr'><em>όιζυρός,</em></span> <span class='ocrx_word' id='word_1_286' title='bbox 1350 4048 1473 4136; x_wconf 78' lang='grc' dir='ltr'><em>οὐρανο-</em></span> 
     </span>
     <span class='ocr_line' id='line_1_34' title="bbox 303 4151 1472 4247; baseline 0.002 -29"><span class='ocrx_word' id='word_1_287' title='bbox 303 4154 419 4244; x_wconf 80' lang='grc' dir='ltr'><em>μίγιης,</em></span> <span class='ocrx_word' id='word_1_288' title='bbox 444 4154 647 4246; x_wconf 75' lang='grc' dir='ltr'><em>ἀμβολάδην,</em></span> <span class='ocrx_word' id='word_1_289' title='bbox 679 4155 818 4236; x_wconf 82' lang='grc' dir='ltr'><em>ἀιστόω,</em></span> <span class='ocrx_word' id='word_1_290' title='bbox 851 4154 991 4240; x_wconf 83' lang='grc' dir='ltr'><em>μέμονα,</em></span> <span class='ocrx_word' id='word_1_291' title='bbox 1024 4156 1161 4247; x_wconf 71' lang='grc' dir='ltr'><em>τέθτμτα,</em></span> <span class='ocrx_word' id='word_1_292' title='bbox 1192 4155 1313 4244; x_wconf 84' lang='grc' dir='ltr'><em>χηρόω,</em></span> <span class='ocrx_word' id='word_1_293' title='bbox 1344 4151 1383 4220; x_wconf 88' lang='grc' dir='ltr'>αἴ</span> <span class='ocrx_word' id='word_1_294' title='bbox 1402 4153 1472 4242; x_wconf 81' lang='grc' dir='ltr'><em>γάρ,</em></span> 
     </span>
     <span class='ocr_line' id='line_1_35' title="bbox 303 4260 1474 4349; baseline 0.003 -27"><span class='ocrx_word' id='word_1_295' title='bbox 303 4260 535 4346; x_wconf 83' lang='grc' dir='ltr'><em>γνωσιμαγέω),</em></span> <span class='ocrx_word' id='word_1_296' title='bbox 559 4283 661 4347; x_wconf 80' lang='lat' dir='ltr'>pauca</span> <span class='ocrx_word' id='word_1_297' title='bbox 688 4264 847 4346; x_wconf 87' lang='lat' dir='ltr'>quaedam</span> <span class='ocrx_word' id='word_1_298' title='bbox 877 4285 945 4331; x_wconf 80' lang='lat' dir='ltr'>esee</span> <span class='ocrx_word' id='word_1_299' title='bbox 974 4286 1008 4331; x_wconf 85' lang='lat' dir='ltr'>re</span> <span class='ocrx_word' id='word_1_300' title='bbox 1030 4285 1107 4331; x_wconf 84' lang='lat' dir='ltr'>uera</span> <span class='ocrx_word' id='word_1_301' title='bbox 1132 4265 1257 4349; x_wconf 87' lang='lat' dir='ltr'>poetioa</span> <span class='ocrx_word' id='word_1_302' title='bbox 1278 4263 1390 4346; x_wconf 81' lang='lat' dir='ltr'>negari</span> <span class='ocrx_word' id='word_1_303' title='bbox 1412 4283 1474 4327; x_wconf 94' lang='lat' dir='ltr'>non</span> 
     </span>
     <span class='ocr_line' id='line_1_36' title="bbox 303 4364 1473 4459; baseline -0.002 -28"><span class='ocrx_word' id='word_1_304' title='bbox 303 4367 404 4451; x_wconf 86' lang='lat' dir='ltr'>potuit</span> <span class='ocrx_word' id='word_1_305' title='bbox 425 4368 478 4451; x_wconf 83' lang='lat' dir='ltr'>(of.</span> <span class='ocrx_word' id='word_1_306' title='bbox 502 4367 628 4432; x_wconf 82' lang='grc' dir='ltr'><em>θοόλιον</em></span> <span class='ocrx_word' id='word_1_307' title='bbox 650 4367 757 4455; x_wconf 86' lang='grc' dir='ltr'><em>ζυγόν,</em></span> <span class='ocrx_word' id='word_1_308' title='bbox 781 4369 910 4457; x_wconf 87' lang='grc' dir='ltr'><em>λυγρός,</em></span> <span class='ocrx_word' id='word_1_309' title='bbox 934 4368 1030 4459; x_wconf 81' lang='grc' dir='ltr'><em>πέρι,</em></span> <span class='ocrx_word' id='word_1_310' title='bbox 1055 4369 1255 4459; x_wconf 86' lang='grc' dir='ltr'><em>ἀγορόομαι,</em></span> <span class='ocrx_word' id='word_1_311' title='bbox 1286 4364 1473 4455; x_wconf 74' lang='grc' dir='ltr'><em>εἰδόμενος).</em></span> 
     </span>
     <span class='ocr_line' id='line_1_37' title="bbox 303 4471 1475 4561; baseline 0.002 -22"><span class='ocrx_word' id='word_1_312' title='bbox 303 4471 370 4539; x_wconf 86' lang='lat' dir='ltr'>Sed</span> <span class='ocrx_word' id='word_1_313' title='bbox 405 4472 485 4540; x_wconf 88' lang='lat' dir='ltr'>haee</span> <span class='ocrx_word' id='word_1_314' title='bbox 516 4476 696 4559; x_wconf 84' lang='lat' dir='ltr'>plerumque</span> <span class='ocrx_word' id='word_1_315' title='bbox 727 4476 760 4542; x_wconf 93' lang='lat' dir='ltr'>in</span> <span class='ocrx_word' id='word_1_316' title='bbox 789 4477 981 4544; x_wconf 78' lang='lat' dir='ltr'>orationibus</span> <span class='ocrx_word' id='word_1_317' title='bbox 1011 4478 1266 4561; x_wconf 77' lang='lat' dir='ltr'>inueniehuntur‚</span> <span class='ocrx_word' id='word_1_318' title='bbox 1297 4477 1332 4542; x_wconf 91' lang='lat' dir='ltr'>in</span> <span class='ocrx_word' id='word_1_319' title='bbox 1361 4476 1475 4558; x_wconf 81' lang='lat' dir='ltr'>quibus</span> 
     </span>
     <span class='ocr_line' id='line_1_38' title="bbox 304 4578 1474 4666; baseline 0.004 -22"><span class='ocrx_word' id='word_1_320' title='bbox 304 4578 460 4645; x_wconf 87' lang='lat' dir='ltr'>interdum</span> <span class='ocrx_word' id='word_1_321' title='bbox 483 4581 635 4665; x_wconf 74' lang='lat' dir='ltr'>suspicari</span> <span class='ocrx_word' id='word_1_322' title='bbox 657 4582 773 4648; x_wconf 87' lang='lat' dir='ltr'>lioebat</span> <span class='ocrx_word' id='word_1_323' title='bbox 784 4583 977 4650; x_wconf 87' lang='lat' dir='ltr'>Herodotum</span> <span class='ocrx_word' id='word_1_324' title='bbox 995 4584 1075 4650; x_wconf 80' lang='lat' dir='ltr'>alios</span> <span class='ocrx_word' id='word_1_325' title='bbox 1087 4589 1228 4650; x_wconf 84' lang='lat' dir='ltr'>eeoutum</span> <span class='ocrx_word' id='word_1_326' title='bbox 1242 4602 1310 4649; x_wconf 82' lang='lat' dir='ltr'>esse</span> <span class='ocrx_word' id='word_1_327' title='bbox 1324 4588 1474 4666; x_wconf 80' lang='lat' dir='ltr'>auetoree,</span> 
     </span>
     <span class='ocr_line' id='line_1_39' title="bbox 304 4685 1475 4775; baseline 0.001 -24"><span class='ocrx_word' id='word_1_328' title='bbox 304 4686 393 4751; x_wconf 89' lang='lat' dir='ltr'>utin</span> <span class='ocrx_word' id='word_1_329' title='bbox 424 4688 516 4753; x_wconf 83' lang='lat' dir='ltr'>rebus</span> <span class='ocrx_word' id='word_1_330' title='bbox 546 4687 712 4773; x_wconf 82' lang='lat' dir='ltr'>Lydiaoie,</span> <span class='ocrx_word' id='word_1_331' title='bbox 743 4690 798 4755; x_wconf 90' lang='lat' dir='ltr'>ubi</span> <span class='ocrx_word' id='word_1_332' title='bbox 826 4691 981 4756; x_wconf 84' lang='lat' dir='ltr'>nesoimue</span> <span class='ocrx_word' id='word_1_333' title='bbox 1010 4711 1052 4756; x_wconf 93' lang='lat' dir='ltr'>an</span> <span class='ocrx_word' id='word_1_334' title='bbox 1086 4690 1208 4756; x_wconf 86' lang='lat' dir='ltr'>Xanthi</span> <span class='ocrx_word' id='word_1_335' title='bbox 1236 4689 1333 4775; x_wconf 84' lang='lat' dir='ltr'>Lydii</span> <span class='ocrx_word' id='word_1_336' title='bbox 1364 4685 1475 4774; x_wconf 80' lang='grc' dir='ltr'><em>λόγους</em></span> 
     </span>
    </p>
   </div>
   <div class='ocr_carea' id='block_1_5' title="bbox 0 0 1755 5348">
    <p class='ocr_par' dir='ltr' id='par_1_5' title="bbox 0 0 1755 5348">
     <span class='ocr_line' id='line_1_40' title="bbox 0 0 1755 5348; baseline 0 0"><span class='ocrx_word' id='word_1_337' title='bbox 0 0 1755 5348; x_wconf 95' lang='lat' dir='ltr'> </span> 
     </span>
    </p>
   </div>
  </div>
 </body>
</html>
