<?xml version="1.0" encoding="UTF-8"?>
<!DOCTYPE html PUBLIC "-//W3C//DTD XHTML 1.0 Transitional//EN"
    "http://www.w3.org/TR/xhtml1/DTD/xhtml1-transitional.dtd">
<html xmlns="http://www.w3.org/1999/xhtml" xml:lang="en" lang="en">
 <head>
  <title>
</title>
<meta http-equiv="Content-Type" content="text/html;charset=utf-8" />
  <meta name='ocr-system' content='tesseract 3.04.00' />
  <meta name='ocr-capabilities' content='ocr_page ocr_carea ocr_par ocr_line ocrx_word'/>
</head>
<body>
  <div class='ocr_page' id='page_1' title='image "./deuocabulisquae00frgoog_0011.png"; bbox 0 0 3492 5358; ppageno 0'>
   <div class='ocr_carea' id='block_1_1' title="bbox 797 464 999 552">
    <p class='ocr_par' dir='ltr' id='par_1_1' title="bbox 797 464 999 552">
     <span class='ocr_line' id='line_1_1' title="bbox 797 464 999 552; baseline 0.005 -18"><span class='ocrx_word' id='word_1_1' title='bbox 797 464 999 552; x_wconf 58' lang='grc' dir='ltr'><strong><em>...γᾴ-</em></strong></span> 
     </span>
    </p>
   </div>
   <div class='ocr_carea' id='block_1_2' title="bbox 309 697 1483 1106">
    <p class='ocr_par' dir='ltr' id='par_1_2' title="bbox 309 697 1483 1000">
     <span class='ocr_line' id='line_1_2' title="bbox 309 697 1483 786; baseline 0.005 -21"><span class='ocrx_word' id='word_1_2' title='bbox 309 697 414 765; x_wconf 92' lang='lat' dir='ltr'>omnia</span> <span class='ocrx_word' id='word_1_3' title='bbox 437 697 604 783; x_wconf 82' lang='lat' dir='ltr'>diligenter</span> <span class='ocrx_word' id='word_1_4' title='bbox 627 700 860 786; x_wconf 83' lang='lat' dir='ltr'>perscrutandi,</span> <span class='ocrx_word' id='word_1_5' title='bbox 890 721 992 784; x_wconf 90' lang='lat' dir='ltr'>neque</span> <span class='ocrx_word' id='word_1_6' title='bbox 1013 700 1085 768; x_wconf 86' lang='lat' dir='ltr'>libri</span> <span class='ocrx_word' id='word_1_7' title='bbox 1116 708 1241 786; x_wconf 87' lang='lat' dir='ltr'>praesto</span> <span class='ocrx_word' id='word_1_8' title='bbox 1264 708 1353 769; x_wconf 88' lang='lat' dir='ltr'>erant</span> <span class='ocrx_word' id='word_1_9' title='bbox 1375 725 1483 772; x_wconf 87' lang='lat' dir='ltr'>omnes</span> 
     </span>
     <span class='ocr_line' id='line_1_3' title="bbox 309 806 1481 897; baseline 0.005 -26"><span class='ocrx_word' id='word_1_10' title='bbox 309 806 422 888; x_wconf 92' lang='lat' dir='ltr'>quibus</span> <span class='ocrx_word' id='word_1_11' title='bbox 450 827 501 873; x_wconf 92' lang='lat' dir='ltr'>me</span> <span class='ocrx_word' id='word_1_12' title='bbox 533 807 579 873; x_wconf 93' lang='lat' dir='ltr'>uti</span> <span class='ocrx_word' id='word_1_13' title='bbox 611 809 781 893; x_wconf 81' lang='lat' dir='ltr'><strong>oportebat.</strong></span> <span class='ocrx_word' id='word_1_14' title='bbox 834 808 1059 875; x_wconf 82' lang='lat' dir='ltr'>Uerumtamen</span> <span class='ocrx_word' id='word_1_15' title='bbox 1088 816 1238 891; x_wconf 88' lang='lat' dir='ltr'>quantum</span> <span class='ocrx_word' id='word_1_16' title='bbox 1268 811 1386 877; x_wconf 88' lang='lat' dir='ltr'>uiribus</span> <span class='ocrx_word' id='word_1_17' title='bbox 1418 813 1481 897; x_wconf 90' lang='lat' dir='ltr'>opi-</span> 
     </span>
     <span class='ocr_line' id='line_1_4' title="bbox 309 914 1029 1000; baseline 0 -20"><span class='ocrx_word' id='word_1_18' title='bbox 309 915 428 996; x_wconf 84' lang='lat' dir='ltr'>busque</span> <span class='ocrx_word' id='word_1_19' title='bbox 450 914 530 980; x_wconf 85' lang='lat' dir='ltr'>meis</span> <span class='ocrx_word' id='word_1_20' title='bbox 552 934 679 999; x_wconf 88' lang='lat' dir='ltr'>possum</span> <span class='ocrx_word' id='word_1_21' title='bbox 701 922 862 1000; x_wconf 90' lang='lat' dir='ltr'>praestare</span> <span class='ocrx_word' id='word_1_22' title='bbox 885 916 1029 982; x_wconf 78' lang='lat' dir='ltr'>conabor.</span> 
     </span>
    </p>

    <p class='ocr_par' dir='ltr' id='par_1_3' title="bbox 397 1019 1122 1106">
     <span class='ocr_line' id='line_1_5' title="bbox 397 1019 1122 1106; baseline 0 -19"><span class='ocrx_word' id='word_1_23' title='bbox 397 1022 446 1087; x_wconf 83' lang='lat' dir='ltr'>Ae</span> <span class='ocrx_word' id='word_1_24' title='bbox 467 1021 602 1106; x_wconf 91' lang='lat' dir='ltr'>primurn</span> <span class='ocrx_word' id='word_1_25' title='bbox 625 1019 752 1104; x_wconf 91' lang='lat' dir='ltr'>quidem</span> <span class='ocrx_word' id='word_1_26' title='bbox 775 1021 997 1105; x_wconf 89' lang='lat' dir='ltr'>inquirendum</span> <span class='ocrx_word' id='word_1_27' title='bbox 1020 1022 1122 1089; x_wconf 87' lang='lat' dir='ltr'>estin</span> 
     </span>
    </p>
   </div>
   <div class='ocr_carea' id='block_1_3' title="bbox 787 1198 1001 1267">
    <p class='ocr_par' dir='ltr' id='par_1_4' title="bbox 787 1198 1001 1267">
     <span class='ocr_line' id='line_1_6' title="bbox 787 1198 1001 1267; baseline 0.005 -3"><span class='ocrx_word' id='word_1_28' title='bbox 787 1198 1001 1267; x_wconf 83' lang='lat' dir='ltr'>NOMINA</span> 
     </span>
    </p>
   </div>
   <div class='ocr_carea' id='block_1_4' title="bbox 307 1341 1482 1746">
    <p class='ocr_par' dir='ltr' id='par_1_5' title="bbox 307 1341 1482 1746">
     <span class='ocr_line' id='line_1_7' title="bbox 309 1341 1482 1426; baseline 0.004 -21"><span class='ocrx_word' id='word_1_29' title='bbox 309 1360 452 1423; x_wconf 87' lang='lat' dir='ltr'>eaquae</span> <span class='ocrx_word' id='word_1_30' title='bbox 475 1342 624 1426; x_wconf 86' lang='lat' dir='ltr'>pleraque</span> <span class='ocrx_word' id='word_1_31' title='bbox 658 1341 784 1425; x_wconf 79' lang='lat' dir='ltr'>collegit</span> <span class='ocrx_word' id='word_1_32' title='bbox 815 1342 963 1409; x_wconf 85' lang='lat' dir='ltr'>Hoierus:</span> <span class='ocrx_word' id='word_1_33' title='bbox 999 1362 1037 1408; x_wconf 86' lang='lat' dir='ltr'>ex</span> <span class='ocrx_word' id='word_1_34' title='bbox 1068 1342 1180 1424; x_wconf 86' lang='lat' dir='ltr'>quibus</span> <span class='ocrx_word' id='word_1_35' title='bbox 1213 1362 1252 1408; x_wconf 92' lang='lat' dir='ltr'>ea</span> <span class='ocrx_word' id='word_1_36' title='bbox 1282 1363 1363 1425; x_wconf 89' lang='lat' dir='ltr'>quae</span> <span class='ocrx_word' id='word_1_37' title='bbox 1386 1345 1482 1411; x_wconf 88' lang='lat' dir='ltr'>etiam</span> 
     </span>
     <span class='ocr_line' id='line_1_8' title="bbox 307 1447 1470 1534; baseline 0.003 -20"><span class='ocrx_word' id='word_1_38' title='bbox 307 1447 445 1514; x_wconf 82' lang='lat' dir='ltr'>Steinius</span> <span class='ocrx_word' id='word_1_39' title='bbox 469 1468 537 1515; x_wconf 91' lang='lat' dir='ltr'>esse</span> <span class='ocrx_word' id='word_1_40' title='bbox 561 1448 729 1515; x_wconf 78' lang='lat' dir='ltr'>Homerica</span> <span class='ocrx_word' id='word_1_41' title='bbox 759 1449 810 1515; x_wconf 94' lang='lat' dir='ltr'>uel</span> <span class='ocrx_word' id='word_1_42' title='bbox 833 1449 925 1534; x_wconf 91' lang='lat' dir='ltr'>epioa</span> <span class='ocrx_word' id='word_1_43' title='bbox 947 1448 1052 1515; x_wconf 87' lang='lat' dir='ltr'>adhue</span> <span class='ocrx_word' id='word_1_44' title='bbox 1082 1454 1189 1515; x_wconf 91' lang='lat' dir='ltr'>oenset</span> <span class='ocrx_word' id='word_1_45' title='bbox 1218 1450 1367 1516; x_wconf 81' lang='lat' dir='ltr'>asterisco</span> <span class='ocrx_word' id='word_1_46' title='bbox 1397 1459 1470 1518; x_wconf 90' lang='lat' dir='ltr'>ante</span> 
     </span>
     <span class='ocr_line' id='line_1_9' title="bbox 307 1555 1481 1640; baseline 0.004 -21"><span class='ocrx_word' id='word_1_47' title='bbox 307 1555 408 1640; x_wconf 89' lang='lat' dir='ltr'>posito</span> <span class='ocrx_word' id='word_1_48' title='bbox 430 1555 548 1621; x_wconf 84' lang='lat' dir='ltr'>notaui</span> <span class='ocrx_word' id='word_1_49' title='bbox 584 1556 745 1621; x_wconf 85' lang='lat' dir='ltr'>Nonnulla</span> <span class='ocrx_word' id='word_1_50' title='bbox 765 1575 805 1622; x_wconf 85' lang='lat' dir='ltr'>ex</span> <span class='ocrx_word' id='word_1_51' title='bbox 823 1555 963 1623; x_wconf 89' lang='lat' dir='ltr'>eiusdem</span> <span class='ocrx_word' id='word_1_52' title='bbox 986 1556 1217 1623; x_wconf 78' lang='lat' dir='ltr'>commentariis</span> <span class='ocrx_word' id='word_1_53' title='bbox 1239 1556 1335 1623; x_wconf 88' lang='lat' dir='ltr'>inieoi</span> <span class='ocrx_word' id='word_1_54' title='bbox 1359 1557 1481 1626; x_wconf 87' lang='lat' dir='ltr'>eodem·</span> 
     </span>
     <span class='ocr_line' id='line_1_10' title="bbox 309 1662 1481 1746; baseline 0.004 -19"><span class='ocrx_word' id='word_1_55' title='bbox 309 1681 369 1745; x_wconf 91' lang='lat' dir='ltr'>que</span> <span class='ocrx_word' id='word_1_56' title='bbox 392 1662 482 1746; x_wconf 81' lang='lat' dir='ltr'>signo</span> <span class='ocrx_word' id='word_1_57' title='bbox 506 1662 629 1728; x_wconf 89' lang='lat' dir='ltr'>ornaui:</span> <span class='ocrx_word' id='word_1_58' title='bbox 653 1669 748 1746; x_wconf 88' lang='lat' dir='ltr'>atque</span> <span class='ocrx_word' id='word_1_59' title='bbox 766 1664 861 1729; x_wconf 83' lang='lat' dir='ltr'>etiem</span> <span class='ocrx_word' id='word_1_60' title='bbox 885 1662 990 1729; x_wconf 90' lang='lat' dir='ltr'>ordior</span> <span class='ocrx_word' id='word_1_61' title='bbox 1012 1683 1033 1728; x_wconf 87' lang='lat' dir='ltr'>a</span> <span class='ocrx_word' id='word_1_62' title='bbox 1055 1664 1150 1730; x_wconf 89' lang='lat' dir='ltr'>uerbo</span> <span class='ocrx_word' id='word_1_63' title='bbox 1174 1665 1214 1730; x_wconf 86' lang='lat' dir='ltr'>ab</span> <span class='ocrx_word' id='word_1_64' title='bbox 1228 1663 1345 1731; x_wconf 89' lang='lat' dir='ltr'>Hofero</span> <span class='ocrx_word' id='word_1_65' title='bbox 1367 1665 1481 1732; x_wconf 88' lang='lat' dir='ltr'>omisso</span> 
     </span>
    </p>
   </div>
   <div class='ocr_carea' id='block_1_5' title="bbox 306 1802 1482 2748">
    <p class='ocr_par' dir='ltr' id='par_1_6' title="bbox 306 1802 1482 2748">
     <span class='ocr_line' id='line_1_11' title="bbox 399 1802 1481 1894; baseline 0.003 -25"><span class='ocrx_word' id='word_1_66' title='bbox 399 1802 550 1882; x_wconf 83' lang='grc' dir='ltr'><strong><em>*δίεθλος</em></strong></span> <span class='ocrx_word' id='word_1_67' title='bbox 583 1839 622 1860; x_wconf 94' lang='lat'><strong><em>=</em></strong></span> <span class='ocrx_word' id='word_1_68' title='bbox 656 1807 761 1891; x_wconf 88' lang='lat' dir='ltr'>labor,</span> <span class='ocrx_word' id='word_1_69' title='bbox 793 1802 893 1894; x_wconf 81' lang='grc' dir='ltr'><strong><em>ἐργον.</em></strong></span> <span class='ocrx_word' id='word_1_70' title='bbox 939 1808 956 1873; x_wconf 92' lang='grc' dir='ltr'>Ι</span> <span class='ocrx_word' id='word_1_71' title='bbox 982 1809 1043 1873; x_wconf 85' lang='grc'>126</span> <span class='ocrx_word' id='word_1_72' title='bbox 1075 1803 1334 1872; x_wconf 80' lang='grc' dir='ltr'><strong><em>ἐπιτελεσάντων</em></strong></span> <span class='ocrx_word' id='word_1_73' title='bbox 1357 1805 1395 1872; x_wconf 90' lang='grc' dir='ltr'><strong><em>δέ</em></strong></span> <span class='ocrx_word' id='word_1_74' title='bbox 1416 1811 1481 1872; x_wconf 87' lang='grc' dir='ltr'>τῶν</span> 
     </span>
     <span class='ocr_line' id='line_1_12' title="bbox 309 1908 1480 2001; baseline 0.003 -27"><span class='ocrx_word' id='word_1_75' title='bbox 309 1909 465 1998; x_wconf 80' lang='grc' dir='ltr'><strong><em>Περσίαν</em></strong></span> <span class='ocrx_word' id='word_1_76' title='bbox 486 1911 543 1976; x_wconf 88' lang='grc' dir='ltr'>τὸν</span> <span class='ocrx_word' id='word_1_77' title='bbox 564 1908 776 2001; x_wconf 86' lang='grc' dir='ltr'><strong><em>προκείμενον</em></strong></span> <span class='ocrx_word' id='word_1_78' title='bbox 800 1910 927 1989; x_wconf 68' lang='grc' dir='ltr'><strong><em>ἄεθλον,</em></strong></span> <span class='ocrx_word' id='word_1_79' title='bbox 969 1913 1013 1980; x_wconf 92' lang='lat' dir='ltr'>VI</span> <span class='ocrx_word' id='word_1_80' title='bbox 1047 1916 1088 1979; x_wconf 88' lang='grc'>10</span> <span class='ocrx_word' id='word_1_81' title='bbox 1121 1910 1177 1978; x_wconf 80' lang='grc' dir='ltr'><strong><em>οὐκ</em></strong></span> <span class='ocrx_word' id='word_1_82' title='bbox 1210 1912 1298 1991; x_wconf 81' lang='grc' dir='ltr'><strong><em>οίους</em></strong></span> <span class='ocrx_word' id='word_1_83' title='bbox 1328 1936 1365 1979; x_wconf 92' lang='grc' dir='ltr'>τε</span> <span class='ocrx_word' id='word_1_84' title='bbox 1397 1936 1480 2000; x_wconf 84' lang='grc' dir='ltr'><strong><em>γενο</em></strong></span> 
     </span>
     <span class='ocr_line' id='line_1_13' title="bbox 307 2014 1482 2107; baseline 0.003 -25"><span class='ocrx_word' id='word_1_85' title='bbox 307 2015 421 2100; x_wconf 94' lang='grc' dir='ltr'><strong><em>μένους</em></strong></span> <span class='ocrx_word' id='word_1_86' title='bbox 445 2014 612 2096; x_wconf 78' lang='grc' dir='ltr'><strong><em>ἐξικέσθαι</em></strong></span> <span class='ocrx_word' id='word_1_87' title='bbox 634 2019 720 2107; x_wconf 87' lang='grc' dir='ltr'><strong><em>πρὸς</em></strong></span> <span class='ocrx_word' id='word_1_88' title='bbox 732 2018 788 2084; x_wconf 87' lang='grc' dir='ltr'>τὸν</span> <span class='ocrx_word' id='word_1_89' title='bbox 802 2015 1013 2107; x_wconf 81' lang='grc' dir='ltr'><strong><em>προκείμενον</em></strong></span> <span class='ocrx_word' id='word_1_90' title='bbox 1028 2017 1150 2087; x_wconf 75' lang='grc' dir='ltr'><strong><em>ἄεθλον.</em></strong></span> <span class='ocrx_word' id='word_1_91' title='bbox 1179 2022 1222 2086; x_wconf 83' lang='grc'>43</span> <span class='ocrx_word' id='word_1_92' title='bbox 1238 2017 1295 2084; x_wconf 81' lang='grc' dir='ltr'>αδδ</span> <span class='ocrx_word' id='word_1_93' title='bbox 1310 2018 1482 2086; x_wconf 77' lang='grc' dir='ltr'><strong><em>ἐπετέλεσε</em></strong></span> 
     </span>
     <span class='ocr_line' id='line_1_14' title="bbox 308 2120 1481 2215; baseline 0.005 -27"><span class='ocrx_word' id='word_1_94' title='bbox 308 2124 364 2189; x_wconf 87' lang='grc' dir='ltr'>τὸν</span> <span class='ocrx_word' id='word_1_95' title='bbox 388 2121 546 2204; x_wconf 83' lang='grc' dir='ltr'><strong><em>ἐπέταξέν</em></strong></span> <span class='ocrx_word' id='word_1_96' title='bbox 569 2120 601 2190; x_wconf 73' lang='grc' dir='ltr'><strong><em>οἱ</em></strong></span> <span class='ocrx_word' id='word_1_97' title='bbox 624 2126 643 2214; x_wconf 79' lang='grc' dir='ltr'>ν)</span> <span class='ocrx_word' id='word_1_98' title='bbox 664 2126 768 2215; x_wconf 71' lang='grc' dir='ltr'><strong><em>μήτηρ</em></strong></span> <span class='ocrx_word' id='word_1_99' title='bbox 792 2124 915 2192; x_wconf 77' lang='grc' dir='ltr'><strong><em>ἂέθλον.</em></strong></span> <span class='ocrx_word' id='word_1_100' title='bbox 962 2127 1008 2195; x_wconf 79' lang='lat' dir='ltr'>Cf.</span> <span class='ocrx_word' id='word_1_101' title='bbox 1033 2128 1092 2194; x_wconf 89' lang='lat' dir='ltr'>VH</span> <span class='ocrx_word' id='word_1_102' title='bbox 1118 2130 1189 2195; x_wconf 81' lang='grc'><strong>197.</strong></span> <span class='ocrx_word' id='word_1_103' title='bbox 1215 2129 1337 2195; x_wconf 83' lang='grc' dir='ltr'><strong>Θ363.</strong></span> <span class='ocrx_word' id='word_1_104' title='bbox 1364 2130 1481 2194; x_wconf 83' lang='lat' dir='ltr'>T133.</span> 
     </span>
     <span class='ocr_line' id='line_1_15' title="bbox 307 2231 1482 2322; baseline 0.001 -24"><span class='ocrx_word' id='word_1_105' title='bbox 307 2235 414 2317; x_wconf 69' lang='lat'>7262</span> <span class='ocrx_word' id='word_1_106' title='bbox 439 2231 577 2318; x_wconf 86' lang='grc' dir='ltr'><strong><em>(πολέας</em></strong></span> <span class='ocrx_word' id='word_1_107' title='bbox 598 2232 763 2311; x_wconf 81' lang='grc' dir='ltr'><strong><em>τελέοντες</em></strong></span> <span class='ocrx_word' id='word_1_108' title='bbox 786 2232 944 2322; x_wconf 80' lang='grc' dir='ltr'><strong><em>ἀέθλους).</em></strong></span> <span class='ocrx_word' id='word_1_109' title='bbox 992 2233 1013 2298; x_wconf 95' lang='grc' dir='ltr'><strong><em>δ</em></strong></span> <span class='ocrx_word' id='word_1_110' title='bbox 1037 2237 1110 2303; x_wconf 82' lang='grc'><strong>170.</strong></span> <span class='ocrx_word' id='word_1_111' title='bbox 1132 2234 1152 2297; x_wconf 92' lang='grc' dir='ltr'><strong><em>λ</em></strong></span> <span class='ocrx_word' id='word_1_112' title='bbox 1175 2237 1239 2301; x_wconf 81' lang='grc'>622</span> <span class='ocrx_word' id='word_1_113' title='bbox 1259 2241 1328 2301; x_wconf 76' lang='lat' dir='ltr'>dett.</span> <span class='ocrx_word' id='word_1_114' title='bbox 1365 2234 1482 2301; x_wconf 81' lang='lat' dir='ltr'>Uereor</span> 
     </span>
     <span class='ocr_line' id='line_1_16' title="bbox 306 2339 1482 2427; baseline 0.001 -22"><span class='ocrx_word' id='word_1_115' title='bbox 306 2344 413 2406; x_wconf 87' lang='lat' dir='ltr'>tamen</span> <span class='ocrx_word' id='word_1_116' title='bbox 444 2360 485 2406; x_wconf 94' lang='lat' dir='ltr'>ne</span> <span class='ocrx_word' id='word_1_117' title='bbox 516 2341 610 2408; x_wconf 88' lang='lat' dir='ltr'>nimis</span> <span class='ocrx_word' id='word_1_118' title='bbox 641 2339 784 2408; x_wconf 84' lang='lat' dir='ltr'>fiduciter</span> <span class='ocrx_word' id='word_1_119' title='bbox 816 2342 954 2408; x_wconf 84' lang='lat' dir='ltr'>Steinius</span> <span class='ocrx_word' id='word_1_120' title='bbox 985 2340 1149 2408; x_wconf 83' lang='lat' dir='ltr'>affirmarit</span> <span class='ocrx_word' id='word_1_121' title='bbox 1180 2342 1367 2409; x_wconf 89' lang='lat' dir='ltr'>uooabulum</span> <span class='ocrx_word' id='word_1_122' title='bbox 1396 2340 1482 2427; x_wconf 87' lang='lat' dir='ltr'>apud</span> 
     </span>
     <span class='ocr_line' id='line_1_17' title="bbox 306 2445 1481 2534; baseline 0.001 -22"><span class='ocrx_word' id='word_1_123' title='bbox 306 2445 499 2514; x_wconf 90' lang='lat' dir='ltr'>Herodotum</span> <span class='ocrx_word' id='word_1_124' title='bbox 522 2468 590 2514; x_wconf 90' lang='lat' dir='ltr'>esse</span> <span class='ocrx_word' id='word_1_125' title='bbox 613 2449 783 2534; x_wconf 73' lang='lat' dir='ltr'>poeticum:</span> <span class='ocrx_word' id='word_1_126' title='bbox 807 2449 951 2516; x_wconf 84' lang='lat' dir='ltr'>Herculis</span> <span class='ocrx_word' id='word_1_127' title='bbox 971 2447 1099 2532; x_wconf 90' lang='lat' dir='ltr'>quidem</span> <span class='ocrx_word' id='word_1_128' title='bbox 1113 2448 1236 2515; x_wconf 86' lang='lat' dir='ltr'>labores</span> <span class='ocrx_word' id='word_1_129' title='bbox 1258 2449 1351 2532; x_wconf 82' lang='lat' dir='ltr'>uolgo</span> <span class='ocrx_word' id='word_1_130' title='bbox 1375 2448 1481 2513; x_wconf 90' lang='lat' dir='ltr'>niden-</span> 
     </span>
     <span class='ocr_line' id='line_1_18' title="bbox 306 2542 1481 2644; baseline 0 -24"><span class='ocrx_word' id='word_1_131' title='bbox 306 2561 357 2620; x_wconf 89' lang='lat' dir='ltr'>tur</span> <span class='ocrx_word' id='word_1_132' title='bbox 378 2554 530 2621; x_wconf 89' lang='lat' dir='ltr'>nominati</span> <span class='ocrx_word' id='word_1_133' title='bbox 552 2575 623 2622; x_wconf 86' lang='lat' dir='ltr'>esse</span> <span class='ocrx_word' id='word_1_134' title='bbox 646 2542 751 2620; x_wconf 81' lang='grc' dir='ltr'><strong><em>ἇθλοι,</em></strong></span> <span class='ocrx_word' id='word_1_135' title='bbox 798 2556 845 2624; x_wconf 78' lang='lat' dir='ltr'>uf.</span> <span class='ocrx_word' id='word_1_136' title='bbox 867 2558 961 2624; x_wconf 86' lang='lat' dir='ltr'>lsoor.</span> <span class='ocrx_word' id='word_1_137' title='bbox 982 2557 1098 2623; x_wconf 84' lang='lat' dir='ltr'>V109.</span> <span class='ocrx_word' id='word_1_138' title='bbox 1144 2549 1295 2644; x_wconf 83' lang='grc' dir='ltr'><strong><em>(Ἀεθλέω</em></strong></span> <span class='ocrx_word' id='word_1_139' title='bbox 1311 2587 1350 2609; x_wconf 88' lang='lat'>=</span> <span class='ocrx_word' id='word_1_140' title='bbox 1366 2575 1481 2640; x_wconf 79' lang='lat' dir='ltr'>pugno,</span> 
     </span>
     <span class='ocr_line' id='line_1_19' title="bbox 308 2663 701 2748; baseline 0 -20"><span class='ocrx_word' id='word_1_141' title='bbox 308 2669 391 2729; x_wconf 84' lang='lat' dir='ltr'>certo</span> <span class='ocrx_word' id='word_1_142' title='bbox 415 2664 431 2729; x_wconf 94' lang='grc' dir='ltr'>Ι</span> <span class='ocrx_word' id='word_1_143' title='bbox 455 2665 506 2730; x_wconf 80' lang='lat'>67.</span> <span class='ocrx_word' id='word_1_144' title='bbox 529 2663 701 2748; x_wconf 79' lang='lat' dir='ltr'>v11212).</span> 
     </span>
    </p>
   </div>
   <div class='ocr_carea' id='block_1_6' title="bbox 307 2774 1482 3316">
    <p class='ocr_par' dir='ltr' id='par_1_7' title="bbox 307 2774 1482 3316">
     <span class='ocr_line' id='line_1_20' title="bbox 398 2774 1481 2892; baseline 0 -22"><span class='ocrx_word' id='word_1_145' title='bbox 398 2805 415 2840; x_wconf 84' lang='grc'>*</span> <span class='ocrx_word' id='word_1_146' title='bbox 430 2800 567 2892; x_wconf 80' lang='grc' dir='ltr'><strong><em>ἀϊδρείη.</em></strong></span> <span class='ocrx_word' id='word_1_147' title='bbox 596 2806 642 2871; x_wconf 88' lang='lat' dir='ltr'>VI</span> <span class='ocrx_word' id='word_1_148' title='bbox 657 2807 699 2871; x_wconf 87' lang='grc'>69</span> <span class='ocrx_word' id='word_1_149' title='bbox 724 2799 852 2892; x_wconf 81' lang='grc' dir='ltr'><strong><em>ἀϊδρείη</em></strong></span> <span class='ocrx_word' id='word_1_150' title='bbox 873 2808 939 2869; x_wconf 86' lang='grc' dir='ltr'>τῶν</span> <span class='ocrx_word' id='word_1_151' title='bbox 960 2805 1114 2870; x_wconf 70' lang='grc' dir='ltr'><strong><em>τοιούτων</em></strong></span> <span class='ocrx_word' id='word_1_152' title='bbox 1136 2807 1240 2881; x_wconf 86' lang='grc' dir='ltr'><strong><em>κεῖνος</em></strong></span> <span class='ocrx_word' id='word_1_153' title='bbox 1261 2774 1369 2869; x_wconf 45' lang='grc' dir='ltr'><strong><em>τοῦτο’</em></strong></span> <span class='ocrx_word' id='word_1_154' title='bbox 1382 2804 1481 2891; x_wconf 80' lang='grc' dir='ltr'><strong><em>ἀπέρ-</em></strong></span> 
     </span>
     <span class='ocr_line' id='line_1_21' title="bbox 307 2905 1482 3000; baseline 0 -25"><span class='ocrx_word' id='word_1_155' title='bbox 307 2922 386 2999; x_wconf 79' lang='grc' dir='ltr'><strong><em>ριψε</em></strong></span> <span class='ocrx_word' id='word_1_156' title='bbox 408 2911 448 2976; x_wconf 89' lang='grc' dir='ltr'>τὸ</span> <span class='ocrx_word' id='word_1_157' title='bbox 470 2910 554 2988; x_wconf 81' lang='grc' dir='ltr'><strong><em>έπος</em></strong></span> <span class='ocrx_word' id='word_1_158' title='bbox 575 2905 656 2977; x_wconf 74' lang='grc' dir='ltr'><strong><em>κτλ.</em></strong></span> <span class='ocrx_word' id='word_1_159' title='bbox 702 2913 851 2995; x_wconf 89' lang='lat' dir='ltr'>Loquitur</span> <span class='ocrx_word' id='word_1_160' title='bbox 865 2917 966 2978; x_wconf 87' lang='lat' dir='ltr'>mater</span> <span class='ocrx_word' id='word_1_161' title='bbox 979 2912 1152 2979; x_wconf 86' lang='lat' dir='ltr'>Demarati.</span> <span class='ocrx_word' id='word_1_162' title='bbox 1196 2912 1331 2977; x_wconf 86' lang='lat' dir='ltr'>Datiuue</span> <span class='ocrx_word' id='word_1_163' title='bbox 1354 2908 1482 3000; x_wconf 74' lang='grc' dir='ltr'><strong><em>α’ϊδρείη</em></strong></span> 
     </span>
     <span class='ocr_line' id='line_1_22' title="bbox 307 3013 1481 3108; baseline -0.003 -23"><span class='ocrx_word' id='word_1_164' title='bbox 307 3019 404 3106; x_wconf 80' lang='lat' dir='ltr'>semel</span> <span class='ocrx_word' id='word_1_165' title='bbox 426 3019 541 3102; x_wconf 85' lang='lat' dir='ltr'>legitur</span> <span class='ocrx_word' id='word_1_166' title='bbox 563 3020 598 3084; x_wconf 95' lang='lat' dir='ltr'>in</span> <span class='ocrx_word' id='word_1_167' title='bbox 620 3018 764 3106; x_wconf 78' lang='lat' dir='ltr'>Odyssea</span> <span class='ocrx_word' id='word_1_168' title='bbox 787 3020 824 3104; x_wconf 89' lang='grc' dir='ltr'><strong><em>(μ</em></strong></span> <span class='ocrx_word' id='word_1_169' title='bbox 847 3019 915 3108; x_wconf 82' lang='lat'>41),</span> <span class='ocrx_word' id='word_1_170' title='bbox 938 3013 1103 3107; x_wconf 80' lang='grc' dir='ltr'><strong><em>ἀϊδρείγγσι</em></strong></span> <span class='ocrx_word' id='word_1_171' title='bbox 1126 3019 1174 3086; x_wconf 89' lang='lat' dir='ltr'>bie</span> <span class='ocrx_word' id='word_1_172' title='bbox 1197 3018 1231 3107; x_wconf 86' lang='grc' dir='ltr'>(κ</span> <span class='ocrx_word' id='word_1_173' title='bbox 1253 3021 1328 3086; x_wconf 83' lang='grc'>231.</span> <span class='ocrx_word' id='word_1_174' title='bbox 1351 3018 1370 3080; x_wconf 90' lang='grc' dir='ltr'><strong><em>λ</em></strong></span> <span class='ocrx_word' id='word_1_175' title='bbox 1393 3019 1481 3105; x_wconf 81' lang='grc'>272).</span> 
     </span>
     <span class='ocr_line' id='line_1_23' title="bbox 307 3126 1481 3212; baseline 0 -21"><span class='ocrx_word' id='word_1_176' title='bbox 307 3127 394 3191; x_wconf 89' lang='lat' dir='ltr'>Rara</span> <span class='ocrx_word' id='word_1_177' title='bbox 416 3146 494 3192; x_wconf 88' lang='lat' dir='ltr'>sane</span> <span class='ocrx_word' id='word_1_178' title='bbox 515 3146 578 3192; x_wconf 85' lang='lat' dir='ltr'>uox</span> <span class='ocrx_word' id='word_1_179' title='bbox 600 3126 725 3192; x_wconf 91' lang='lat' dir='ltr'>uidetur</span> <span class='ocrx_word' id='word_1_180' title='bbox 747 3127 857 3193; x_wconf 82' lang='lat' dir='ltr'>luisse:</span> <span class='ocrx_word' id='word_1_181' title='bbox 881 3147 955 3193; x_wconf 91' lang='lat' dir='ltr'>num</span> <span class='ocrx_word' id='word_1_182' title='bbox 978 3147 1053 3194; x_wconf 88' lang='lat' dir='ltr'>uero</span> <span class='ocrx_word' id='word_1_183' title='bbox 1071 3127 1164 3194; x_wconf 86' lang='lat' dir='ltr'>fuerit</span> <span class='ocrx_word' id='word_1_184' title='bbox 1177 3127 1316 3212; x_wconf 81' lang='lat' dir='ltr'>poetica,</span> <span class='ocrx_word' id='word_1_185' title='bbox 1339 3127 1372 3191; x_wconf 95' lang='lat' dir='ltr'>in</span> <span class='ocrx_word' id='word_1_186' title='bbox 1387 3126 1481 3192; x_wconf 91' lang='lat' dir='ltr'>dubio</span> 
     </span>
     <span class='ocr_line' id='line_1_24' title="bbox 309 3231 626 3316; baseline 0.003 -17"><span class='ocrx_word' id='word_1_187' title='bbox 309 3238 356 3299; x_wconf 86' lang='lat' dir='ltr'>est</span> <span class='ocrx_word' id='word_1_188' title='bbox 378 3231 626 3316; x_wconf 91' lang='lat' dir='ltr'>relinquendum.</span> 
     </span>
    </p>
   </div>
   <div class='ocr_carea' id='block_1_7' title="bbox 309 3369 1482 3570">
    <p class='ocr_par' dir='ltr' id='par_1_8' title="bbox 309 3369 1482 3570">
     <span class='ocr_line' id='line_1_25' title="bbox 399 3369 1480 3464; baseline 0.001 -25"><span class='ocrx_word' id='word_1_189' title='bbox 399 3369 549 3464; x_wconf 71' lang='grc' dir='ltr'><strong><em>αἱμασιή.</em></strong></span> <span class='ocrx_word' id='word_1_190' title='bbox 595 3376 731 3442; x_wconf 87' lang='lat' dir='ltr'>Pluralis</span> <span class='ocrx_word' id='word_1_191' title='bbox 755 3369 914 3460; x_wconf 76' lang='grc' dir='ltr'><strong><em>αἱμασιαί</em></strong></span> <span class='ocrx_word' id='word_1_192' title='bbox 936 3377 984 3444; x_wconf 88' lang='lat' dir='ltr'>bie</span> <span class='ocrx_word' id='word_1_193' title='bbox 1006 3377 1121 3461; x_wconf 83' lang='lat' dir='ltr'>legitur</span> <span class='ocrx_word' id='word_1_194' title='bbox 1143 3377 1176 3442; x_wconf 90' lang='lat' dir='ltr'>in</span> <span class='ocrx_word' id='word_1_195' title='bbox 1189 3375 1333 3463; x_wconf 88' lang='lat' dir='ltr'>Odyssea</span> <span class='ocrx_word' id='word_1_196' title='bbox 1355 3375 1391 3464; x_wconf 82' lang='lat' dir='ltr'>(o</span> <span class='ocrx_word' id='word_1_197' title='bbox 1405 3379 1480 3442; x_wconf 77' lang='lat'>359.</span> 
     </span>
     <span class='ocr_line' id='line_1_26' title="bbox 309 3477 1482 3570; baseline 0.001 -23"><span class='ocrx_word' id='word_1_198' title='bbox 309 3507 336 3547; x_wconf 91' lang='grc' dir='ltr'><strong><em>ω</em></strong></span> <span class='ocrx_word' id='word_1_199' title='bbox 358 3482 438 3568; x_wconf 91' lang='grc'>224)</span> <span class='ocrx_word' id='word_1_200' title='bbox 460 3484 495 3549; x_wconf 92' lang='lat' dir='ltr'>in</span> <span class='ocrx_word' id='word_1_201' title='bbox 523 3503 562 3550; x_wconf 86' lang='lat' dir='ltr'>ea</span> <span class='ocrx_word' id='word_1_202' title='bbox 584 3484 739 3550; x_wconf 73' lang='lat' dir='ltr'>locutione</span> <span class='ocrx_word' id='word_1_203' title='bbox 771 3504 854 3567; x_wconf 90' lang='lat' dir='ltr'>quae</span> <span class='ocrx_word' id='word_1_204' title='bbox 884 3491 931 3551; x_wconf 89' lang='lat' dir='ltr'>est</span> <span class='ocrx_word' id='word_1_205' title='bbox 960 3477 1122 3567; x_wconf 75' lang='grc' dir='ltr'><strong><em>αἱμασιὰς</em></strong></span> <span class='ocrx_word' id='word_1_206' title='bbox 1144 3482 1249 3570; x_wconf 87' lang='grc' dir='ltr'><strong><em>λέγειν</em></strong></span> <span class='ocrx_word' id='word_1_207' title='bbox 1273 3517 1312 3538; x_wconf 92' lang='grc'>--</span> <span class='ocrx_word' id='word_1_208' title='bbox 1336 3503 1482 3568; x_wconf 89' lang='lat' dir='ltr'>uepres</span> 
     </span>
    </p>
   </div>
   <div class='ocr_carea' id='block_1_8' title="bbox 186 3585 1483 3674">
    <p class='ocr_par' dir='ltr' id='par_1_9' title="bbox 186 3585 1483 3674">
     <span class='ocr_line' id='line_1_27' title="bbox 186 3585 1483 3674; baseline -0.002 -19"><span class='ocrx_word' id='word_1_209' title='bbox 186 3668 190 3674; x_wconf 18' lang='grc' dir='ltr'><strong>Α</strong></span> <span class='ocrx_word' id='word_1_210' title='bbox 310 3591 468 3674; x_wconf 79' lang='lat' dir='ltr'>colligere.</span> <span class='ocrx_word' id='word_1_211' title='bbox 514 3591 652 3657; x_wconf 85' lang='lat' dir='ltr'>Maxime</span> <span class='ocrx_word' id='word_1_212' title='bbox 675 3592 822 3671; x_wconf 90' lang='lat' dir='ltr'>notabilis</span> <span class='ocrx_word' id='word_1_213' title='bbox 845 3598 892 3658; x_wconf 88' lang='lat' dir='ltr'>est</span> <span class='ocrx_word' id='word_1_214' title='bbox 915 3594 994 3658; x_wconf 90' lang='lat' dir='ltr'>alter</span> <span class='ocrx_word' id='word_1_215' title='bbox 1015 3592 1116 3659; x_wconf 89' lang='lat' dir='ltr'>loeus:</span> <span class='ocrx_word' id='word_1_216' title='bbox 1147 3585 1309 3674; x_wconf 75' lang='grc' dir='ltr'><strong><em>αἱμασιὰς</em></strong></span> <span class='ocrx_word' id='word_1_217' title='bbox 1338 3588 1483 3667; x_wconf 80' lang='grc' dir='ltr'><strong><em>λέξοντες</em></strong></span> 
     </span>
    </p>
   </div>
   <div class='ocr_carea' id='block_1_9' title="bbox 307 3691 1483 4753">
    <p class='ocr_par' dir='ltr' id='par_1_10' title="bbox 307 3691 1483 4753">
     <span class='ocr_line' id='line_1_28' title="bbox 313 3691 1481 3786; baseline 0 -25"><span class='ocrx_word' id='word_1_218' title='bbox 313 3695 422 3786; x_wconf 76' lang='grc' dir='ltr'><strong><em>ἀλωῆς</em></strong></span> <span class='ocrx_word' id='word_1_219' title='bbox 444 3695 580 3781; x_wconf 80' lang='grc' dir='ltr'><strong><em>ἐμμεναι</em></strong></span> <span class='ocrx_word' id='word_1_220' title='bbox 604 3694 704 3786; x_wconf 73' lang='grc' dir='ltr'><strong><em>ἕρκος.</em></strong></span> <span class='ocrx_word' id='word_1_221' title='bbox 758 3700 843 3765; x_wconf 88' lang='lat' dir='ltr'>Nam</span> <span class='ocrx_word' id='word_1_222' title='bbox 873 3699 959 3784; x_wconf 88' lang='lat' dir='ltr'>apud</span> <span class='ocrx_word' id='word_1_223' title='bbox 988 3697 1182 3765; x_wconf 88' lang='lat' dir='ltr'>Herodotum</span> <span class='ocrx_word' id='word_1_224' title='bbox 1212 3691 1352 3784; x_wconf 82' lang='grc' dir='ltr'><strong><em>αίμασιν)</em></strong></span> <span class='ocrx_word' id='word_1_225' title='bbox 1381 3698 1481 3761; x_wconf 89' lang='lat' dir='ltr'>ouius-</span> 
     </span>
     <span class='ocr_line' id='line_1_29' title="bbox 309 3804 1481 3891; baseline -0.002 -21"><span class='ocrx_word' id='word_1_226' title='bbox 309 3804 386 3871; x_wconf 92' lang='lat' dir='ltr'>libet</span> <span class='ocrx_word' id='word_1_227' title='bbox 399 3806 524 3889; x_wconf 85' lang='lat' dir='ltr'>generis</span> <span class='ocrx_word' id='word_1_228' title='bbox 538 3825 673 3891; x_wconf 87' lang='lat' dir='ltr'>saepem,</span> <span class='ocrx_word' id='word_1_229' title='bbox 698 3804 772 3888; x_wconf 92' lang='lat' dir='ltr'>quin</span> <span class='ocrx_word' id='word_1_230' title='bbox 796 3806 892 3874; x_wconf 88' lang='lat' dir='ltr'>etiam</span> <span class='ocrx_word' id='word_1_231' title='bbox 914 3825 1037 3871; x_wconf 90' lang='lat' dir='ltr'>murum</span> <span class='ocrx_word' id='word_1_232' title='bbox 1060 3804 1207 3871; x_wconf 92' lang='lat' dir='ltr'>humilem</span> <span class='ocrx_word' id='word_1_233' title='bbox 1229 3804 1297 3869; x_wconf 89' lang='lat' dir='ltr'>siue</span> <span class='ocrx_word' id='word_1_234' title='bbox 1310 3805 1481 3869; x_wconf 76' lang='lat' dir='ltr'>maceriam</span> 
     </span>
     <span class='ocr_line' id='line_1_30' title="bbox 309 3905 1483 4001; baseline -0.003 -24"><span class='ocrx_word' id='word_1_235' title='bbox 309 3911 432 3978; x_wconf 85' lang='lat' dir='ltr'>uidetur</span> <span class='ocrx_word' id='word_1_236' title='bbox 465 3911 644 3996; x_wconf 80' lang='lat' dir='ltr'>significare</span> <span class='ocrx_word' id='word_1_237' title='bbox 677 3912 729 4001; x_wconf 93' lang='grc' dir='ltr'>(τδ</span> <span class='ocrx_word' id='word_1_238' title='bbox 758 3910 796 3976; x_wconf 93' lang='grc' dir='ltr'>ἐκ</span> <span class='ocrx_word' id='word_1_239' title='bbox 823 3908 964 3994; x_wconf 85' lang='grc' dir='ltr'><strong><em>χαλίκων</em></strong></span> <span class='ocrx_word' id='word_1_240' title='bbox 999 3905 1243 3998; x_wconf 80' lang='grc' dir='ltr'><strong><em>ᾠκοδομημένον</em></strong></span> <span class='ocrx_word' id='word_1_241' title='bbox 1273 3908 1347 3975; x_wconf 75' lang='grc' dir='ltr'><strong><em>ἄνευ</em></strong></span> <span class='ocrx_word' id='word_1_242' title='bbox 1376 3910 1483 3998; x_wconf 78' lang='grc' dir='ltr'><strong><em>πηλοῦ</em></strong></span> 
     </span>
     <span class='ocr_line' id='line_1_31' title="bbox 307 4015 1481 4109; baseline -0.001 -27"><span class='ocrx_word' id='word_1_243' title='bbox 307 4015 436 4101; x_wconf 82' lang='grc' dir='ltr'><strong><em>τειχίον,</em></strong></span> <span class='ocrx_word' id='word_1_244' title='bbox 463 4017 521 4084; x_wconf 81' lang='grc' dir='ltr'>καί</span> <span class='ocrx_word' id='word_1_245' title='bbox 535 4019 553 4085; x_wconf 85' lang='grc' dir='ltr'>ὁ</span> <span class='ocrx_word' id='word_1_246' title='bbox 568 4016 604 4098; x_wconf 85' lang='grc' dir='ltr'>ἐξ</span> <span class='ocrx_word' id='word_1_247' title='bbox 617 4018 765 4085; x_wconf 76' lang='grc' dir='ltr'><strong><em>αἰκανθῶν</em></strong></span> <span class='ocrx_word' id='word_1_248' title='bbox 787 4018 937 4109; x_wconf 83' lang='grc' dir='ltr'><strong><em>φραγμός</em></strong></span> <span class='ocrx_word' id='word_1_249' title='bbox 958 4020 1033 4087; x_wconf 84' lang='lat' dir='ltr'>Lex.</span> <span class='ocrx_word' id='word_1_250' title='bbox 1048 4019 1121 4085; x_wconf 88' lang='lat' dir='ltr'>Her.</span> <span class='ocrx_word' id='word_1_251' title='bbox 1135 4019 1185 4106; x_wconf 92' lang='lat' dir='ltr'>B).</span> <span class='ocrx_word' id='word_1_252' title='bbox 1214 4018 1260 4086; x_wconf 76' lang='lat' dir='ltr'>cf.</span> <span class='ocrx_word' id='word_1_253' title='bbox 1283 4020 1372 4082; x_wconf 87' lang='grc' dir='ltr'><strong><em>τοῖσι</em></strong></span> <span class='ocrx_word' id='word_1_254' title='bbox 1386 4017 1481 4104; x_wconf 87' lang='grc' dir='ltr'><strong><em>παρά</em></strong></span> 
     </span>
     <span class='ocr_line' id='line_1_32' title="bbox 309 4122 1483 4216; baseline -0.003 -25"><span class='ocrx_word' id='word_1_255' title='bbox 309 4148 409 4216; x_wconf 83' lang='grc' dir='ltr'><strong><em>σφισι</em></strong></span> <span class='ocrx_word' id='word_1_256' title='bbox 432 4125 651 4212; x_wconf 86' lang='grc' dir='ltr'><strong><em>γιγνομέναισι</em></strong></span> <span class='ocrx_word' id='word_1_257' title='bbox 683 4123 925 4215; x_wconf 81' lang='grc' dir='ltr'><strong><em>κροκοδείλοισι</em></strong></span> <span class='ocrx_word' id='word_1_258' title='bbox 954 4126 1161 4214; x_wconf 86' lang='lat' dir='ltr'>(stelionibus)</span> <span class='ocrx_word' id='word_1_259' title='bbox 1192 4128 1301 4191; x_wconf 85' lang='grc' dir='ltr'><strong><em>τοῖσιν</em></strong></span> <span class='ocrx_word' id='word_1_260' title='bbox 1334 4122 1367 4189; x_wconf 89' lang='grc' dir='ltr'>ἐν</span> <span class='ocrx_word' id='word_1_261' title='bbox 1388 4128 1483 4212; x_wconf 77' lang='grc' dir='ltr'><strong><em>τῇσιν</em></strong></span> 
     </span>
     <span class='ocr_line' id='line_1_33' title="bbox 308 4228 1483 4323; baseline -0.003 -26"><span class='ocrx_word' id='word_1_262' title='bbox 308 4228 503 4321; x_wconf 78' lang='grc' dir='ltr'><strong><em>αλμασιῇσιν</em></strong></span> <span class='ocrx_word' id='word_1_263' title='bbox 540 4236 572 4300; x_wconf 95' lang='grc' dir='ltr'>ΙΙ</span> <span class='ocrx_word' id='word_1_264' title='bbox 605 4237 657 4300; x_wconf 86' lang='grc'>69.</span> <span class='ocrx_word' id='word_1_265' title='bbox 704 4229 845 4323; x_wconf 71' lang='grc' dir='ltr'><strong><em>αἱμασιὴ</em></strong></span> <span class='ocrx_word' id='word_1_266' title='bbox 880 4228 1025 4300; x_wconf 81' lang='grc' dir='ltr'><strong><em>πλίνθων</em></strong></span> <span class='ocrx_word' id='word_1_267' title='bbox 1062 4230 1191 4300; x_wconf 87' lang='grc' dir='ltr'><strong><em>ὀπτέων</em></strong></span> <span class='ocrx_word' id='word_1_268' title='bbox 1226 4235 1243 4300; x_wconf 95' lang='grc' dir='ltr'>Ι</span> <span class='ocrx_word' id='word_1_269' title='bbox 1268 4235 1339 4299; x_wconf 87' lang='grc'><strong>180.</strong></span> <span class='ocrx_word' id='word_1_270' title='bbox 1378 4228 1411 4294; x_wconf 88' lang='grc' dir='ltr'>ἐν</span> <span class='ocrx_word' id='word_1_271' title='bbox 1442 4235 1483 4319; x_wconf 71' lang='grc' dir='ltr'>τῇ</span> 
     </span>
     <span class='ocr_line' id='line_1_34' title="bbox 308 4335 1483 4442; baseline -0.003 -37"><span class='ocrx_word' id='word_1_272' title='bbox 308 4335 449 4430; x_wconf 74' lang='grc' dir='ltr'><strong><em>αἱμασιῇ</em></strong></span> <span class='ocrx_word' id='word_1_273' title='bbox 472 4345 512 4430; x_wconf 80' lang='grc' dir='ltr'>τῇ</span> <span class='ocrx_word' id='word_1_274' title='bbox 534 4343 628 4429; x_wconf 79' lang='grc' dir='ltr'><strong><em>παρὰ</em></strong></span> <span class='ocrx_word' id='word_1_275' title='bbox 651 4342 708 4407; x_wconf 91' lang='grc' dir='ltr'>τδν</span> <span class='ocrx_word' id='word_1_276' title='bbox 729 4342 881 4426; x_wconf 88' lang='grc' dir='ltr'><strong><em>ποταμὸν</em></strong></span> <span class='ocrx_word' id='word_1_277' title='bbox 909 4338 1048 4420; x_wconf 75' lang='grc' dir='ltr'><strong><em>πυλίδες</em></strong></span> <span class='ocrx_word' id='word_1_278' title='bbox 1078 4338 1206 4442; x_wconf 75' lang='grc' dir='ltr'><strong><em>ἐπῆσαν</em></strong></span> <span class='ocrx_word' id='word_1_279' title='bbox 1234 4338 1310 4407; x_wconf 88' lang='lat' dir='ltr'>ibid.</span> <span class='ocrx_word' id='word_1_280' title='bbox 1341 4335 1400 4403; x_wconf 80' lang='grc' dir='ltr'>ἐπὶ</span> <span class='ocrx_word' id='word_1_281' title='bbox 1422 4339 1483 4415; x_wconf 82' lang='grc' dir='ltr'>τὰς</span> 
     </span>
     <span class='ocr_line' id='line_1_35' title="bbox 308 4442 1483 4537; baseline -0.003 -25"><span class='ocrx_word' id='word_1_282' title='bbox 308 4442 471 4528; x_wconf 74' lang='grc' dir='ltr'><strong><em>αἱμασιὰς</em></strong></span> <span class='ocrx_word' id='word_1_283' title='bbox 493 4448 671 4533; x_wconf 77' lang='grc' dir='ltr'><strong><em>ἀναβάντες</em></strong></span> <span class='ocrx_word' id='word_1_284' title='bbox 693 4452 755 4528; x_wconf 78' lang='grc' dir='ltr'>τὰς</span> <span class='ocrx_word' id='word_1_285' title='bbox 783 4452 877 4537; x_wconf 79' lang='grc' dir='ltr'><strong><em>παρὰ</em></strong></span> <span class='ocrx_word' id='word_1_286' title='bbox 906 4451 950 4515; x_wconf 73' lang='grc' dir='ltr'><strong><em>τοί</em></strong></span> <span class='ocrx_word' id='word_1_287' title='bbox 971 4445 1080 4531; x_wconf 83' lang='grc' dir='ltr'><strong><em>χείλεα</em></strong></span> <span class='ocrx_word' id='word_1_288' title='bbox 1109 4452 1168 4512; x_wconf 78' lang='grc' dir='ltr'><strong><em>τοῦ</em></strong></span> <span class='ocrx_word' id='word_1_289' title='bbox 1197 4449 1350 4530; x_wconf 79' lang='grc' dir='ltr'><strong><em>ποταμοῦ</em></strong></span> <span class='ocrx_word' id='word_1_290' title='bbox 1374 4442 1483 4533; x_wconf 92' lang='grc' dir='ltr'><strong><em>ἐληλα-</em></strong></span> 
     </span>
     <span class='ocr_line' id='line_1_36' title="bbox 307 4551 1483 4647; baseline -0.003 -27"><span class='ocrx_word' id='word_1_291' title='bbox 307 4555 406 4640; x_wconf 88' lang='grc' dir='ltr'><strong><em>μένας</em></strong></span> <span class='ocrx_word' id='word_1_292' title='bbox 441 4559 513 4624; x_wconf 90' lang='grc'><strong>191.</strong></span> <span class='ocrx_word' id='word_1_293' title='bbox 544 4559 676 4644; x_wconf 88' lang='grc' dir='ltr'><strong><em>περιθεῖ</em></strong></span> <span class='ocrx_word' id='word_1_294' title='bbox 705 4555 743 4623; x_wconf 88' lang='grc' dir='ltr'><strong><em>δέ</em></strong></span> <span class='ocrx_word' id='word_1_295' title='bbox 779 4554 860 4624; x_wconf 74' lang='grc' dir='ltr'><strong><em>αὐτὸ</em></strong></span> <span class='ocrx_word' id='word_1_296' title='bbox 892 4551 1033 4647; x_wconf 73' lang='grc' dir='ltr'><strong><em>αἱμασιὴ</em></strong></span> <span class='ocrx_word' id='word_1_297' title='bbox 1065 4552 1298 4642; x_wconf 75' lang='grc' dir='ltr'><strong><em>ἐγγεγλυμμένη</em></strong></span> <span class='ocrx_word' id='word_1_298' title='bbox 1329 4554 1483 4620; x_wconf 83' lang='grc' dir='ltr'><strong><em>τύποισιν</em></strong></span> 
     </span>
     <span class='ocr_line' id='line_1_37' title="bbox 308 4662 1483 4753; baseline -0.002 -25"><span class='ocrx_word' id='word_1_299' title='bbox 308 4665 437 4731; x_wconf 84' lang='lat'>11138.</span> <span class='ocrx_word' id='word_1_300' title='bbox 485 4664 567 4732; x_wconf 90' lang='lat' dir='ltr'>Uide</span> <span class='ocrx_word' id='word_1_301' title='bbox 598 4666 888 4733; x_wconf 79' lang='lat' dir='ltr'>etiamV174et</span> <span class='ocrx_word' id='word_1_302' title='bbox 922 4667 986 4733; x_wconf 80' lang='lat'>134</span> <span class='ocrx_word' id='word_1_303' title='bbox 1017 4663 1084 4753; x_wconf 91' lang='lat' dir='ltr'>(ubi</span> <span class='ocrx_word' id='word_1_304' title='bbox 1118 4663 1304 4748; x_wconf 81' lang='grc' dir='ltr'><strong><em>συνωνύμως</em></strong></span> <span class='ocrx_word' id='word_1_305' title='bbox 1334 4662 1483 4747; x_wconf 86' lang='lat' dir='ltr'>seriptum</span> 
     </span>
    </p>
   </div>
   <div class='ocr_carea' id='block_1_10' title="bbox 0 0 1751 5358">
    <p class='ocr_par' dir='ltr' id='par_1_11' title="bbox 0 0 1751 5358">
     <span class='ocr_line' id='line_1_38' title="bbox 0 0 1751 5358; baseline 0 0"><span class='ocrx_word' id='word_1_306' title='bbox 0 0 1751 5358; x_wconf 95' lang='lat' dir='ltr'> </span> 
     </span>
    </p>
   </div>
  </div>
 </body>
</html>
