3492 5358
786 449 1010 514 ..56-

404 659 577 749 ἐλασιρέω.
624 663 656 727 ΙΙ
687 662 749 728 158
783 650 875 748 εύρος
907 658 944 726 δέ
976 658 1098 749 ὠρύχθη
1132 659 1217 724 ὥστε
1248 658 1398 746 τριήρεας
1430 659 1485 724 δύο

207 812 211 819 »
312 769 410 834 πλεῖν
432 768 513 851 ὁμοῦ
541 764 802 852 ἐλαστρευμένας.
848 769 908 833 VII
935 769 997 833 142
1027 763 1176 855 ὀρύσσειν
1198 763 1323 831 ἐκέλευε
1346 764 1486 853 διώρυχα

312 877 353 964 τῇ
377 873 526 962 θαλάσσῃ
549 864 641 961 εὖρος
664 873 709 950 ὡς
738 873 795 938 δύο
816 873 967 961 τριήρεας
988 874 1084 938 πλεῖν
1113 873 1194 955 ὁμοῦ
1223 869 1484 959 ἐλαστρεομένας.

313 983 418 1050 Semel
449 980 535 1066 apud
566 981 737 1047 Homerum
772 981 902 1065 legitur,
942 980 976 1046 in
1008 984 1038 1043 Σ
1066 980 1131 1046 543
1165 978 1275 1065 ζεύγεα
1312 978 1486 1055 δινεύοντες

313 1087 485 1174 ἐλάστρεον
507 1083 583 1153 ἐ’νθα
605 1086 662 1151 καὶ
685 1081 769 1151 ἔνθα.
817 1087 862 1153 cf.
884 1088 957 1154 Eur.
979 1087 1047 1172 Iph.
1069 1087 1105 1154 Τ.
1129 1088 1204 1170 934,
1227 1088 1302 1153 971.
1331 1085 1485 1173 (Theogn.

314 1197 389 1262 608.
411 1193 565 1278 Lyoophr.
589 1193 664 1260 450.
697 1193 822 1261 Anthol.
846 1195 890 1260 VI
904 1195 978 1275 219,
1002 1192 1045 1280 6).
1078 1193 1170 1261 Dion.
1194 1193 1264 1259 Hat
1288 1194 1372 1260 Antt.
1397 1192 1486 1258 123.

313 1301 357 1367 At
370 1299 562 1366 Herodotum
587 1300 669 1365 hano
690 1320 800 1366 uooem
820 1321 882 1366 non
904 1300 1045 1386 posuisse
1067 1300 1231 1385 poetieam,
1254 1299 1319 1382 sed,
1341 1305 1376 1364 ut
1389 1299 1485 1382 aiunt,

313 1407 493 1474 teohnioam
524 1406 608 1490 („mit
631 1407 727 1471 voller
749 1407 860 1489 Lange
891 1406 947 1472 der
970 1406 1174 1472 arbeitenden
1197 1405 1346 1471 Riemen“
1376 1404 1485 1490 Stein.)

313 1518 379 1579 tom
401 1518 519 1579 eertum
543 1519 590 1578 est
612 1532 708 1595 quam
731 1511 815 1594 quod
838 1518 884 1578 est
907 1513 1121 1579 certissimum.

403 1648 549 1736 ἐλπομαι
574 1685 613 1707 =
638 1653 785 1738 arbitror,
808 1660 937 1738 expeoto
962 1652 1093 1742 (timeo).
1136 1655 1170 1720 11
1196 1655 1231 1719 11
1260 1649 1404 1737 ἐγὼμὲν
1426 1653 1487 1740 γὰρ

314 1754 459 1841 ἐλπομαί
487 1781 522 1843 γι
551 1756 609 1823 καὶ
634 1755 755 1846 μορίων
783 1757 874 1838 ἐντὸς
900 1766 1063 1848 χωσθῆναι
1095 1758 1142 1828 ab.
1189 1761 1232 1825 26
1265 1756 1428 1836 διεξιόντα
1459 1758 1486 1823 δ’

316 1864 355 1930 άν
377 1890 433 1947 μιν
457 1866 514 1930 διὰ
537 1863 651 1954 πάσης
673 1862 832 1954 Γιύρώπης
856 1861 1001 1948 ἐλπομαι
1030 1867 1140 1930 ποιεῖν
1162 1864 1202 1928 δν
1224 1864 1280 1929 τδν
1296 1858 1423 1951 Ἴστρον
1445 1864 1487 1928 τά

313 1994 379 2059 περ
410 1981 463 2036 νῦν
492 1966 660 2058 ἐργάζεται
690 1971 746 2037 τὸν
775 1972 903 2036 Νεῖλον.
949 1974 993 2038 43
1024 1971 1069 2049 ώς
1098 1966 1245 2054 ἔλπομαί
1274 1993 1311 2035 τε
1340 1969 1398 2036 καί
1426 1968 1488 2060 ἐμν)

315 2075 421 2163 (ipsi)
445 2064 553 2165 γνώμη
576 2072 672 2164 αίρεῖ.
696 2084 698 2087 ’
719 2078 765 2145 cf.
791 2080 861 2146 120.
885 2080 929 2145 v1
956 2081 1027 2145 109.
1058 2079 1118 2143 VII
1140 2080 1214 2162 218,
1238 2080 1312 2146 237.
1342 2079 1391 2144 IX
1415 2081 1487 2145 113.

315 2188 355 2248 Η
377 2186 449 2252 199.
492 2186 618 2251 0196.
661 2189 696 2247 Ν
716 2186 746 2250 8.
783 2186 913 2270 0110,
945 2187 1019 2252 288.
1057 2186 1180 2252 Σ194.
1217 2186 1335 2269 γ3ῖ5.
1373 2183 1391 2264 ζ
1412 2186 1486 2252 297.

317 2292 418 2357 tara
443 2296 512 2356 oett⁴
549 2290 718 2357 Oraeulum
740 2291 774 2356 in
797 2293 813 2357 Ι
836 2293 888 2357 65.
926 2291 1017 2370 Quod
1040 2291 1126 2376 apud
1148 2293 1318 2357 Homerum
1341 2286 1487 2373 ἔλπομαι

316 2402 363 2463 est
385 2396 481 2462 etiam
506 2429 545 2451 =
570 2416 661 2481 spero
684 2395 742 2484 (M
761 2400 836 2465 261.
859 2402 898 2460 Χ
917 2397 1005 2482 216),
1029 2398 1089 2464 hae
1112 2398 1145 2463 ui
1167 2398 1343 2464 Herodotus
1366 2418 1487 2482 semper

314 2503 401 2588 ponit
425 2498 564 2582 ἐλπίζω,
597 2502 633 2568 id
660 2503 745 2586 quod
780 2511 874 2589 poeta
912 2505 1007 2589 plano
1037 2525 1098 2569 non
1131 2504 1234 2584 nouit,
1266 2505 1381 2570 Noster
1412 2524 1486 2570 uero

315 2616 444 2694 usurpat
486 2610 629 2676 omnibus
671 2611 847 2676 notionibus
884 2631 966 2694 quae
1009 2610 1095 2696 apud
1137 2612 1305 2677 Homerum
1347 2617 1419 2676 sunt
1453 2611 1486 2676 in

316 2710 462 2797 ἔλπομαι
485 2718 541 2803 (ε
566 2717 706 2800 arbitror,
739 2723 884 2802 expeoto,
913 2718 1023 2801 timeo,
1046 2719 1160 2803 spero).
1205 2719 1242 2783 In
1266 2718 1377 2800 quibus
1400 2717 1486 2782 haud

317 2821 413 2888 dubie
445 2843 507 2888 non
539 2843 629 2888 suum
661 2824 824 2889 arbitrium
855 2830 978 2890 seeutus
1010 2830 1057 2915 est
1088 2823 1279 2903 Herodotus,
1310 2824 1366 2890 sed
1397 2841 1487 2889 usum

316 2929 468 2994 sermonis
490 2928 651 2997 cotidiani.

268 3074 271 3080 ’
405 3070 544 3136 Uerbum
567 3069 619 3136 bio
640 3070 744 3136 insero

323 3171 326 3175 ’
406 3172 558 3264 *ἐνέφιν
582 3208 621 3230 --
646 3174 789 3263 ἡψάμην,
824 3172 960 3264 ἒσχόμην
988 3175 1112 3265 (τινάς).
1149 3179 1198 3243 ΠΙ
1223 3180 1285 3245 109
1310 3173 1487 3259 ἀπιεμένου

317 3279 415 3346 αὐτοῦ
436 3282 494 3370 την
516 3281 607 3367 γονὴν
629 3282 649 3368 ν)
672 3281 769 3369 θήλεα
792 3283 938 3347 δίπτεται
960 3295 1018 3370 της
1042 3283 1164 3371 δειρῆς,
1196 3282 1254 3348 καὶ
1277 3281 1408 3373 ἐμφῦσα
1431 3281 1487 3348 ούκ

317 3383 401 3453 ἀνίει
424 3385 504 3475 πρὶν
526 3386 566 3451 δν
589 3385 742 3476 διαφάγῃ.
779 3387 832 3454 Ad
854 3409 936 3471 quae
951 3388 1103 3474 Steinius3
1127 3386 1281 3478 ,ἐμφῦσα
1303 3389 1486 3474 homerisoh,

315 3495 373 3563 Od.
398 3518 419 3558 α
442 3496 505 3561 381
541 3489 624 3571 ὀδὰξ
650 3491 684 3557 ἐν
711 3489 833 3574 χείλεσι
857 3495 1002 3584 φύντεςίί.
1050 3496 1199 3563 conferas
1232 3497 1328 3562 etiam
1360 3501 1392 3559 Z
1411 3497 1486 3564 253.

317 3601 447 3688 (Aoristi
470 3601 590 3666 formae
613 3606 644 3666 et
672 3601 846 3686 imperfecti
877 3602 910 3667 in
940 3603 1031 3668 tmesi
1060 3623 1183 3689 semper
1211 3603 1347 3688 positae,
1380 3610 1487 3669 eontra

317 3706 361 3783 ὡς
384 3700 461 3787 ἔχετ’
486 3704 673 3795 ἐμπεφυυῖα
695 3710 736 3770 Α
758 3707 846 3793 513.)
893 3708 994 3775 Credo
1017 3730 1091 3775 uero
1114 3729 1273 3792 nunquam
1295 3709 1487 3776 Herodotum

315 3833 425 3880 uooem
447 3813 618 3898 positurum
640 3814 735 3880 fuisse
758 3815 778 3881 l.
796 3815 825 3899 l,
847 3815 875 3880 si
899 3815 966 3881 eius
988 3822 1092 3882 aetate
1114 3818 1227 3882 abusu
1245 3816 1401 3883 eommuni
1420 3823 1486 3881 tam

315 3920 410 4005 plane
433 3939 528 4002 quam
551 3927 662 4005 putant
683 3921 792 3986 fuisset
815 3923 927 3987 aliena.

406 4056 611 4144 ἐπαμάομαι.
666 4064 744 4130 VIII
774 4065 818 4129 24
853 4064 926 4140 τοὺς
957 4062 1094 4142 λοιποὺς
1123 4063 1266 4153 τάφρους
1297 4062 1488 4153 ὀρυξάμενος

318 4161 433 4254 iberus,
459 4166 607 4254 φυλλάδα
628 4191 665 4233 τε
688 4166 856 4253 ἐπιβαλών
878 4168 935 4234 καί
957 4182 1013 4258 γην
1034 4169 1294 4260 ἐπαμησάμενος.
1327 4173 1397 4238 Uno
1418 4173 1487 4239 loeo

316 4274 446 4338 uerbum
468 4275 572 4358 posuit
594 4276 690 4341 etiem
713 4277 875 4361 Homerus,
900 4278 994 4344 ε482
1018 4276 1107 4364 άφορ
1132 4276 1159 4342 δ’
1183 4275 1271 4364 ababa
1292 4275 1488 4365 ἐπαμήσατο

315 4378 406 4466 χερσί
429 4375 572 4468 φίλῃσιν.
609 4382 705 4448 Haud
727 4403 804 4449 sane
826 4403 921 4468 saepe
944 4384 1091 4468 seriptum
1113 4384 1245 4469 uidetur,
1268 4404 1369 4468 neque
1382 4391 1486 4450 tamen

317 4491 364 4551 est
393 4487 608 4553 tantummodo
637 4490 802 4572 poeticum.
849 4491 895 4556 of.
928 4491 1104 4557 Xequo,
1131 4494 1263 4575 19,11.
1307 4493 1387 4559 Plut.
1410 4491 1486 4558 Mor.

316 4614 345 4677 p.
370 4593 434 4657 982
458 4594 494 4657 Β.
538 4595 687 4680 Polyaen.
719 4597 809 4680 111,
843 4599 892 4663 13.
938 4597 1031 4682 Diog.
1054 4598 1157 4663 Laert.
1186 4599 1231 4664 VI
1255 4600 1296 4665 79
1330 4594 1487 4684 (ἐπαμάω

317 4696 361 4763 id.
385 4694 524 4786 ἐφαμάω
547 4699 670 4768 Heliod.
693 4701 785 4770 Aeth.
807 4702 841 4767 II
863 4700 929 4789 20).
