3492 5358
777 503 997 566 ..71..

391 711 561 800 ε’ξρμερόω.
607 714 624 777 I
649 714 711 777 126
741 709 856 774 τοῦτόν
886 731 948 798 σφι
979 708 1037 775 τὸν
1062 718 1163 797 χῶρον
1185 711 1346 797 προεῖπεν
1369 706 1475 796 ἐξημε-

304 828 407 908 ρῶσαι
430 817 463 882 ἐν
486 816 595 906 ἡμέρῃ.
649 818 800 884 Steiuius:
831 814 1054 903 ,,6’ξημερῶσοιι
1081 818 1193 900 „urbar
1215 816 1374 899 machen“,
1404 836 1475 900 poe-

303 927 409 993 tiseh“.
454 926 593 991 1161666
623 923 663 989 16
694 930 777 989 terra
807 923 884 988 alibi
913 924 975 988 nisi
1004 944 1053 1006 66.
1076 923 1279 988 Plutarchum
1302 922 1394 1009 (Tim.
1419 920 1476 1007 35)

304 1052 380 1097 sane
412 1032 546 1117 positum
577 1052 640 1097 non
671 1030 795 1095 uidetur
827 1029 914 1115 (uam
945 1031 1017 1096 Eur.
1047 1031 1137 1095 Herc.
1169 1030 1265 1095 120.
1299 1029 1364 1094 852
1395 1028 1476 1092 61166

304 1144 375 1203 sunt
398 1130 543 1222 generis),
567 1137 608 1202 de
629 1138 745 1222 plantis
774 1156 849 1201 uero
881 1142 912 1200 61
941 1134 982 1200 16
1012 1137 1120 1201 bestiis
1150 1134 1227 1200 satis
1241 1134 1397 1199 'usitatum
1421 1141 1475 1201 est.

305 1246 350 1311 of.
372 1244 528 1327 Theophr.
562 1244 696 1327 Geopon.
727 1244 807 1308 Plut.
852 1243 921 1307 Neo
953 1230 1057 1306 tamen
1089 1241 1160 1306 miri
1192 1240 1363 1323 quidquam
1395 1241 1477 1305 inest

304 1351 336 1415 in
359 1371 418 1415 usu
431 1349 622 1415 Herodoteo:
647 1355 677 1414 et
700 1348 842 1413 uidemus
864 1349 993 1413 uerbum
1016 1348 1147 1431 simplex
1170 1345 1295 1433 ἦμερόω
1317 1348 1413 1412 61166
1436 1347 1476 1412 16

303 1464 387 1523 terra
409 1457 552 1540 usurpari
574 1456 625 1521 uel
648 1456 905 1540 aTheophrasto.
953 1453 1136 1520 Cauendum
1168 1454 1264 1537 igitur
1296 1474 1335 1518 ne
1358 1460 1474 1520 temere

304 1563 423 1629 Steinio
446 1563 660 1650 assentiamur.

394 1702 521 1768 ἑπέπω.
568 1706 628 1770 VII
652 1706 671 1770 8
696 1702 730 1791 α)
754 1701 933 1779 clitellario
962 1725 998 1766 τε
1029 1697 1113 1766 οὕτω
1142 1701 1213 1787 όῖγει
1244 1700 1302 1766 καὶ
1330 1700 1477 1766 αὐτοῖσιν
1580 1776 1582 1781 ,

305 1812 381 1897 ἡμῖν
403 1810 513 1874 πολλοὶ
536 1807 700 1874 ἐπέπουσι
725 1806 923 1896 συμφέρεται
947 1806 1005 1872 ἐπὶ
1029 1806 1068 1872 τὸ
1092 1807 1231 1890 ἄμεινον.
1278 1810 1384 1875 Uerba
1406 1815 1477 1874 sunt

304 1918 426 1984 Xerxis.
471 1917 608 1984 Steinius
621 1918 655 1981 in
674 1917 910 1982 commentario:
935 1913 1105 1993 ,,ἐννέπειν,
1130 1917 1224 1998 obire,
1248 1916 1475 1999 administrare,

304 2024 452 2107 poetisoh.
498 2024 610 2089 Aesch.
634 2025 718 2088 Pers.
742 2022 807 2088 552
837 2023 929 2104 klagt
960 2021 1016 2086 der
1048 2021 1130 2087 Ghor
1161 2019 1282 2109 Ξέρξης
1315 2019 1352 2085 δὲ
1380 2019 1476 2083 πάντ’

305 2126 433 2194 ἐπέσπε
458 2127 672 2217 δοσφρόνωςό(
716 2129 855 2194 Uerbum
878 2129 938 2193 hac
961 2129 1081 2194 ratione
1103 2129 1168 2192 iam
1191 2128 1265 2194 inde
1288 2129 1328 2193 ab
1349 2128 1477 2193 Homeri

306 2242 410 2301 aetate
433 2242 614 2320 usurpatum
644 2255 712 2301 esse
742 2240 870 2301 constat.
917 2235 962 2302 of.
992 2236 1113 2315 6330.
1144 2230 1258 2310 ξ195.
1304 2234 1367 2300 Sed
1391 2233 1476 2318 apud

304 2343 469 2425 scriptores
493 2349 611 2408 ceteros
634 2341 810 2425 exemplum
840 2361 901 2405 non
930 2346 1022 2408 extat.
1068 2341 1136 2406 Nec
1158 2347 1264 2405 tamen
1286 2341 1399 2405 mirum
1422 2346 1476 2422 661

305 2448 389 2530 quod
411 2448 587 2513 Herodotus
616 2432 649 2512 in
679 2448 819 2513 oratioue
848 2467 958 2513 uocem
985 2446 1088 2529 posuit
1110 2447 1274 2512 rariorem:
1304 2451 1379 2511 nam
1401 2447 1476 2528 quin

304 2548 552 2637 poeticum'esse
574 2555 703 2619 uerbum
727 2561 810 2619 certo
834 2553 1030 2634 affirmemus,
1061 2554 1166 2619 666616
1189 2573 1231 2617 66
1252 2552 1476 2636 impedimento

305 2661 366 2725 sint
388 2662 440 2726 uel
463 2682 502 2726 66
525 2680 607 2744 quae
630 2660 671 2727 de
693 2662 789 2726 uerbo
813 2658 921 2724 διένεον
944 2680 1038 2743 supra
1061 2661 1103 2746 (p.
1127 2659 1183 2743 53)
1207 2660 1411 2744 exposuimus,

394 2803 538 2884 Denique

711 2986 1077 3058 uoouulouus

306 3121 388 3186 duae
412 3122 506 3186 uerbo
530 3126 600 3185 sunt
623 3119 923 3187 commemorandae.

395 3258 555 3343 καλέομαί
577 3285 674 3338 τινος.
721 3264 765 3328 VI
788 3264 830 3328 88
854 3251 892 3349 ἦν
915 3262 976 3349 γὰρ
991 3260 1198 3349 Νικόδρομος
1216 3258 1354 3327 Κνοίθου
1368 3261 1477 3327 καλεό-

305 3391 399 3451 μενος
422 3366 456 3430 ἐν
478 3373 517 3455 τῇ
539 3364 664 3455 Αἰγίνῃ
696 3367 773 3456 ἀνὴρ
798 3367 941 3449 δόκιμος.
996 3369 1146 3434 Steiuius:
1178 3364 1340 3446 ,,Κνοίθου
1368 3367 1477 3432 καλεό-

305 3498 399 3556 μενος
422 3475 525 3558 „Sohn
549 3472 605 3540 de's
629 3475 788 3559 1161111166α
819 3475 906 3539 mehr
934 3475 1083 3559 poetisch.
1134 3475 1474 3559 Ρ161.Ρ611ι.11167

306 3580 463 3644 Λατοΐδα
485 3578 678 3668 κεκλημένον
699 3582 868 3665 „Apollons
882 3581 994 3665 Sohn“‚
1016 3582 1152 3648 Theokr.
1166 3582 1272 3646 XXIV
1291 3584 1350 3646 101
1372 3575 1478 3668 Ἦρα-

305 3684 401 3773 κλὲης
423 3726 464 3734 -
486 3680 634 3774 Ἀργείου
666 3684 859 3775 κεκλημένος
884 3679 1135 3774 Ἀμφιτρύωνος.
1186 3689 1257 3753 Eur.
1287 3688 1379 3753 Rhea
1411 3690 1475 3753 279

305 3793 431 3880 πατρός
463 3792 500 3857 δὲ
532 3791 712 3880 Στρυμόνος
742 3792 963 3880 κικλήσκεται.
1009 3796 1068 3859 Β61
1098 3794 1137 3859 Η.
1160 3796 1222 3877 vgl.
1245 3795 1305 3859 VII
1337 3796 1399 3859 143
1430 3796 1476 3877 τῷ

306 3897 424 3982 οόνομο
446 3898 505 3982 μὲν
526 3890 565 3989 ἦν
590 3898 838 3989 Θεμιστοκλέης,
863 3903 946 3976 παῖς
961 3898 998 3963 δὲ
1013 3899 1174 3976 Νεοκλέος
1188 3897 1343 3963 ἐκαλεῖτο.
1373 3901 1476 3966 Thuk.

306 4007 382 4072 VIII
416 4010 436 4069 6
468 3999 599 4083 ’Ένδιος
630 4008 691 4093 γὰρ
723 3999 935 4090 Ἀλκιβιάδου
973 4005 1150 4070 ἐκαλεῖτο.“
1209 4006 1298 4073 Licet
1336 4007 1477 4091 primitus

305 4113 398 4179 suerit
420 4114 535 4179 locutio
557 4115 690 4199 poetica,
714 4114 821 4180 Nostri
852 4120 955 4179 aetate
978 4114 1199 4178 6111116616
1223 4119 1359 4198 666616
1382 4114 1477 4178 fuisse

306 4220 473 4303 singulare.
528 4222 612 4286 Nam
643 4221 811 4305 praecipue
853 4223 932 4286 alter
969 4222 1056 4285 locus
1087 4219 1281 4286 Herodoteus
1313 4221 1380 4286 sine
1412 4221 1477 4284 6116

306 4327 469 4391 uerborum
500 4328 657 4410 grauitate
689 4333 735 4392 est
766 4327 989 4392 conformatus:
1021 4327 1126 4406 immo,
1158 4346 1240 4409 quae
1271 4327 1378 4392 Nostri
1410 4333 1477 4392 erat

307 4431 458 4498 aduersus
493 4433 735 4499 Themistoclem
771 4433 970 4517 malignitas,
1007 4434 1236 4516 contemptione
1272 4433 1410 4515 quadam
1447 4440 1478 4496 et

306 4540 501 4621 neglectione
532 4542 629 4606 uerba
659 4540 871 4606 existimamus
903 4560 971 4606 esse
1003 4547 1193 4624 comparata.
1247 4541 1295 4605 Αο
1326 4561 1366 4605 66
1398 4538 1476 4603 11161

306 4645 433 4727 quidem
456 4647 702 4713 obliuiscendum
725 4646 806 4712 adeo
830 4653 951 4713 ueteres
980 4649 1031 4711 uel
1061 4648 1094 4711 in
1123 4646 1257 4732 puhlicis
1286 4648 1401 4711 tabulis
1424 4666 1476 4709 no
