3492 5358
695 469 917 538 ..12..

122 731 127 739 .
221 680 290 747 Hof
315 680 556 765 durehbringen)
594 681 707 764 legitur
739 682 772 746 in
801 681 880 747 Plat.
909 683 1008 765 Legg.
1029 681 1078 747 XI
1106 703 1136 767 p.
1159 682 1224 748 929
1248 680 1288 749 D.
1325 678 1390 747 XII

220 807 252 871 p.-
276 786 341 852 959
366 787 399 854 0.
455 786 499 854 df.
531 781 723 875 οἰκοφθορίαι
752 787 830 855 Plat.
859 787 978 855 Phaed.
1007 808 1037 872 p.
1061 788 1103 853 82
1128 787 1161 852 O.
1197 781 1390 874 οἰκοφθόρος

219 892 301 957 Plat.
324 892 422 975 Legg.
445 894 494 958 III
517 914 546 977 p.
571 895 635 959 689
661 895 699 960 Ι).

312 1032 417 1115 όλμος.
463 1036 568 1100 1200
600 1029 808 1117 ἕςβάλλοοσιν
839 1031 873 1109 ἐς
912 1033 1008 1115 όλμον
1036 1031 1094 1098 καί
1122 1032 1289 1120 λεήναντες
1314 1030 1390 1098 ὑπέ-

221 1158 312 1224 ροισι
349 1141 436 1203 σῶσι
469 1139 526 1203 διὰ
565 1135 720 1217 σινδόνος.
780 1140 939 1205 Inuenitur
980 1140 1013 1204 in
1050 1159 1111 1205 uno
1149 1159 1241 1206 uersu
1278 1138 1390 1203 Iliadis

219 1246 261 1307 A
286 1245 346 1310 147
374 1243 471 1325 ὅλμον
494 1244 521 1309 d'
545 1244 590 1321 ὡς
612 1240 723 1311 ἔσσευε
753 1240 958 1309 κυλίνδεσθαι
983 1243 1025 1308 δι’
1049 1240 1171 1327 ὁμίλου.
1218 1245 1263 1310 (tf.
1287 1243 1389 1310 Schol.

222 1347 321 1430 ὅλμος
344 1347 381 1413 δέ
403 1346 476 1413 ἐστι
498 1349 607 1426 κοῖλος
628 1346 731 1428 λίθος,
756 1346 804 1426 εἰς
823 1345 861 1414 ὃν
882 1346 1065 1414 κόπτουσιν
1087 1345 1213 1436 όσπριοι
1236 1346 1293 1412 καί
1306 1347 1390 1411 άλλα

220 1452 306 1517 τινά.
337 1454 357 1539 ἦ
393 1453 496 1542 διπλῆ
529 1453 581 1534 δέ,
623 1454 687 1519 dn*
707 1454 800 1532 άπαξ
829 1452 968 1519 ἐνταῦθα
996 1452 1157 1543 κέχρηται.
1188 1452 1245 1519 κοιί
1276 1453 1328 1518 ότι
1357 1451 1391 1517 ἰν

216 1550 339 1622 Ἰλιάδι
362 1557 551 1625 εὐτελέσι
574 1559 725 1647 κέχρηται
739 1556 963 1639 λεξιόίοις,
988 1558 1025 1624 οὐ
1047 1555 1144 1642 μόνον
1162 1552 1388 1645 ἰνὈόοσσείᾳ,

220 1662 298 1727 κτλ.
345 1665 483 1731 Uerbum
506 1666 601 1732 fuisse
624 1667 753 1749 uolgare
782 1667 834 1735 uel
863 1685 902 1732 ex
924 1667 1022 1730 titutis
1046 1666 1251 1732 demonstrari
1273 1672 1388 1749 potest:

221 1768 332 1836 uideas
355 1771 435 1836 (1.1.
459 1771 496 1837 G.
520 1773 614 1854 1688,
644 1772 696 1838 24.
732 1773 828 1856 2338,
852 1763 904 1837 62.Ι
950 1770 1153 1855 Signifieasse
1183 1771 1307 1836 uidetur
1328 1772 1390 1855 pri-

221 1876 315 1941 mitus
337 1897 428 1941 omne
451 1896 549 1959 genus
572 1897 718 1943 uasorum
741 1876 825 1960 quod
854 1876 991 1961 speeiem
1021 1876 1116 1943 habet
1146 1876 1294 1961 cylindri:
1321 1882 1391 1960 post

221 1981 262 2046 ab
285 1981 412 2047 Ionibus
434 1987 615 2067 usurpatum
637 1988 684 2049 est
706 2002 745 2049 ea
768 1984 834 2049 fere
847 1983 972 2048 notione
990 2002 1072 2065 quae
1091 1988 1138 2048 est
1154 2014 1192 2036 =
1208 1983 1390 2048 mortarium

222 2085 273 2170 (ef.
297 2087 392 2152 etiam
420 2087 493 2153 Hes.
517 2088 596 2171 Opp.
620 2087 708 2173 425),
741 2088 781 2153 ab
813 2088 926 2154 Attidis
957 2108 996 2153 ea
1028 2106 1109 2170 quae
1141 2093 1188 2153 est
1221 2120 1261 2142 =
1293 2088 1389 2171 Iasus,

221 2192 325 2257 Kttbel
348 2192 399 2278 (ef.
422 2193 474 2259 Ar.
498 2193 589 2277 Vesp.
615 2195 689 2260 201.
713 2193 802 2277 238).
848 2194 1031 2259 Recentiore
1063 2198 1167 2259 aetate
1199 2194 1384 2259 uoeabulum

222 2297 394 2381 complures
422 2317 473 2362 res
501 2297 624 2364 uidetur
653 2298 825 2365 ostendisse
854 2319 910 2382 per
932 2299 1151 2383 metaphoran:
1185 2299 1241 2365 sed
1265 2298 1305 2365 de
1329 2300 1390 2363 hae

221 2422 255 2468 re
277 2422 428 2485 quaerere
450 2404 626 2470 accuratius
647 2424 710 2469 non
732 2404 827 2489 potui.

310 2539 452 2629 ὀλολυγή.
498 2545 542 2610 IV
567 2545 628 2610 189
654 2544 745 2608 δοκεῖ
767 2541 804 2608 δὲ
827 2538 937 2628 ἔμοιγε
966 2542 1023 2608 κοιί
1053 2540 1186 2630 ὀλολυγὴ
1216 2541 1249 2607 ἒν
1272 2538 1391 2629 ἰροῖσιν

222 2644 359 2712 evonem
380 2650 512 2736 ruptices
534 2647 698 2734 γενέσθαι·
722 2645 826 2736 κάρτοι
849 2650 910 2736 γάρ
932 2644 1034 2735 ταύτῃ
1059 2651 1200 2736 χρῶνται
1222 2647 1331 2725 καλῶς
1353 2643 1388 2713 od

220 2749 405 2835 Λίβυσσαι.
458 2754 504 2820 df.
528 2758 559 2817 Z
578 2756 642 2821 301
677 2755 824 2839 (amphus
855 2775 917 2820 non
949 2755 1064 2837 legitur
1096 2753 1181 2838 apud
1212 2755 1390 2838 Homerum,

221 2860 281 2924 nisi
304 2859 387 2942 quod
410 2860 544 2944 positum
568 2861 668 2926 estin
691 2860 797 2945 hymn.
819 2861 896 2927 Ven.
921 2861 972 2943 19,
995 2866 1029 2924 ut
1051 2859 1243 2942 significaret
1265 2867 1391 2926 dantum

221 2963 367 3052 laetum):
399 2960 433 3028 αἰ
458 2964 485 3028 d'
517 2961 649 3051 ὀλολυγῇ
679 2968 790 3029 πᾶσαι
807 2957 925 3052 Ἀθήνῃ
950 2968 1061 3051 χεῖρας
1087 2963 1227 3045 άνεσχον.
1273 2966 1390 3031 Uooem

221 3070 316 3135 fuisse
344 3069 386 3135 de
415 3071 477 3135 ritu
508 3072 689 3137 sollemnem
719 3078 817 3155 reete,
849 3077 881 3135 ut
902 3077 992 3154 puto,
1023 3071 1141 3135 monuit
1166 3071 1304 3137 Steinius
1334 3070 1390 3157 (ad
1489 3115 1493 3123 ·

222 3177 323 3242 Ioeum
345 3175 583 3265 Herodoteum):
617 3196 807 3260 quamquam
839 3178 885 3242 sie
917 3197 988 3242 eam
1019 3178 1104 3261 apud
1133 3183 1243 3260 poetas
1269 3182 1390 3241 tantum

222 3290 401 3366 usurpatam
423 3282 488 3348 fere
510 3283 693 3368 inuenimus,
716 3290 750 3347 ut
773 3282 804 3347 in
826 3283 899 3349 Eur.
922 3281 1005 3350 Med.
1031 3284 1125 3349 1116.
1156 3280 1274 3349 Troad.
1295 3283 1390 3348 1073.

222 3388 274 3456 Ar.
297 3389 425 3473 Lysistr.
457 3390 531 3455 240.
576 3390 661 3454 Nam
692 3387 778 3472 apud
808 3388 906 3455 'Phua
935 3389 1013 3453 114
1052 3384 1186 3474 ὀλολυγὴ
1215 3393 1261 3451 est
1287 3406 1390 3451 merus

223 3494 338 3558 elamor
367 3514 512 3578 uxorum,
544 3513 645 3577 neque
676 3495 768 3560 aliter
798 3494 830 3559 in
861 3495 996 3578 AppIan.
1018 3495 1096 3559 Pun.
1120 3496 1171 3559 17.
1195 3494 1247 3558 92.
1279 3491 1388 3576 Synes.

223 3617 269 3683 ep.
301 3598 354 3665 57.
391 3602 432 3666 67
444 3623 452 3664 :
484 3601 651 3666 clamorem
683 3600 800 3665 laetum
832 3598 967 3665 ostendit
992 3597 1084 3684 apud
1116 3599 1190 3665 Lue.
1219 3598 1336 3664 Baoeh.
1360 3599 1390 3679 4,

223 3704 381 3788 strepitum
404 3705 490 3790 apud
512 3707 591 3773 Plut.
614 3706 690 3773 Inue.
712 3708 765 3772 21.

312 3840 433 3908 ὀπάων.
479 3846 507 3910 V
532 3847 593 3910 111
627 3835 702 3908 εἰπε
728 3843 813 3932 πρὸς
841 3845 947 3907 τοῦτο
979 3838 996 3908 ό
1028 3838 1141 3906 όπάων
1163 3838 1261 3906 αἰτοῦ
1291 3839 1389 3927 (idem

222 3952 327 4035 paullo
348 3957 423 4016 ante
444 3956 573 4016 uoeatus
596 3956 642 4016 est
664 3948 902 4036 ὑπασπιστής).
949 3949 994 4016 ef.
1017 3951 1065 4014 IX
1087 3951 1130 4014 50
1160 3947 1196 4011 ολ
1223 3969 1259 4010 τε
1283 3944 1391 4031 σφέων

224 4052 364 4132 ὀπέωνες
396 4053 671 4142 ἀποπεμφθέντες
704 4052 738 4132 ἐς
768 4050 1020 4143 Πελοπόννησον
1052 4053 1097 4130 ὡς
1128 4048 1390 4134 ἐπισιτιεύμενοι

224 4157 463 4250 άποκεκληίατο
485 4161 551 4226 άπὸ
580 4164 640 4247 τῆς
668 4161 787 4225 λ’ππου.
834 4161 876 4227 51
902 4160 947 4237 ὡς
970 4155 1163 4242 ἀναλάβοιεν
1190 4159 1265 4236 τοὺς
1288 4156 1390 4223 ὀπέω-

47 4262 48 4289 ¹
167 4349 169 4356 Ι
222 4290 278 4344 νοις
299 4268 374 4344 τοὺς
396 4265 456 4331 ε’πί
484 4268 527 4330 τὰ
559 4262 651 4331 σιτία
674 4262 867 4348 οἰχομένους.
914 4271 954 4329 Η
976 4266 1040 4332 165
1065 4298 1104 4320 =
1132 4266 1258 4332 (9268.
1281 4270 1315 4328 Κ
1338 4265 1389 4331 58.

224 4374 345 4458 Paos,
368 4375 442 4439 610.
470 4376 502 4436 Ψ
524 4375 590 4440 360
622 4373 655 4461 (ἡ
685 4368 799 4437 ὀπάων
828 4372 933 4458 hymn.
965 4372 1033 4437 Ger.
1056 4371 1145 4457 440).
1190 4372 1306 4436 Forma
1334 4370 1391 4434 illa

223 4478 349 4561 quidem
372 4474 485 4543 ὀπάων
508 4486 615 4564 aperte
638 4485 685 4545 est
706 4479 848 4563 poetica,
880 4477 937 4543 sed
966 4477 1034 4543 siue
1064 4476 1159 4542 dubio
1182 4474 1335 4541 mutanda
1357 4476 1390 4538 in

224 4575 345 4650 ὄπέωνι
375 4605 477 4668 neque
507 4586 590 4652 enim
619 4606 637 4652 e
666 4584 744 4651 loeis
765 4583 916 4650 Herodoti
946 4582 1122 4649 confirmari
1151 4588 1252 4667 potest
1280 4600 1390 4646 uocem

1214 4706 1231 4757 2
