3492 5358
823 356 1044 420 ,26-

352 560 390 626 δέ
412 560 553 647 λέγωμεν
574 563 616 627 τὰ
635 555 762 651 ἀνιαρά,
786 561 983 649 γιγνώσκων,
1009 564 1060 630 ἀει
1084 557 1201 654 ἀνιαρά
1223 564 1322 647 ε’στιν,
1337 568 1528 656 ἡττώμενος

351 667 418 732 ἀπὸ
439 671 505 732 τάν
533 666 649 755 ἡδέων,
679 668 775 757 δῆλον
797 663 850 736 ὅτι
874 662 1011 749 ἀναξίων
1032 667 1132 736 ὄντων
1152 676 1252 738 νικᾶν.
1299 675 1344 742 04
1369 675 1462 760 Gorg.
1486 699 1535 762 p.-

350 775 1525 867 477.ssLegg.1xp584A.Lys.1173.Xen.cyr.,v1113

350 881 402 947 42.
425 881 500 946 Luc.
518 880 605 947 Gcnt
622 882 672 950 18.
712 882 776 947 Aut
797 881 884 947 idem
906 882 1042 948 ostendit
1028 884 1147 1009 τηοοᾱ
1169 886 1256 951 triste
1278 884 1329 973 (ct.
1352 885 1524 976 λυπηρός),

349 986 414 1051 ut
405 1007 437 1051 ιιι
460 986 539 1053 Xen.
563 986 720 1071 0yr.14,
746 989 788 1053 14
811 986 944 1074 ἀνιαρὸς
966 985 1004 1053 δέ
1026 986 1083 1053 καὶ
1106 991 1297 1078 σκυθρωπὸς
1321 989 1378 1070 ὤν,
1403 996 1523 1081 σιωπῇ

351 1091 468 1178 διῆγεν.
523 1091 642 1170 Quodsi
673 1092 760 1176 apud
791 1093 940 1158 Nostrum
976 1093 1105 1181 ἀνιηρὸς
1136 1103 1255 1161 est=
1289 1099 1413 1182 noxius,
1450 1100 1522 1164 alia

349 1198 440 1262 huius
469 1197 707 1281 significationis
736 1199 880 1283 exempla
908 1219 970 1265 nou
999 1200 1206 1271 inueniuntur.
1251 1203 1356 1281 Quare
1379 1204 1521 1270 Steinius

348 1323 404 1387 pro
441 1301 555 1390 ἄνιηρά
592 1304 753 1388 scripsisse
784 1304 975 1370 Herodotum
1012 1304 1116 1393 ἀτηρὰ
1151 1307 1207 1393 (an
1237 1312 1340 1392 potius
1372 1306 1520 1397 ἀτηρέαῗ

349 1409 386 1476 cf.
409 1409 556 1494 Hippocr.
579 1408 620 1474 de
647 1429 720 1476 aere
741 1411 797 1494 XI,
819 1430 849 1495 p.
871 1412 922 1495 80,
945 1410 1003 1494 45)
1032 1433 1094 1478 nou
1116 1413 1184 1479 sine
1206 1415 1271 1479 ulla
1293 1414 1516 1498 probabilitate

350 1521 396 1580 est
417 1515 601 1599 suspicatus.
646 1514 844 1597 Quamquam
873 1536 913 1582 ue
935 1515 1066 1604 ἀνιηρὸς
1087 1518 1214 1600 quidem
1237 1521 1422 1586 uocabulum
1445 1540 1516 1587 esse

348 1620 504 1703 poeticum
528 1625 583 1685 aut
604 1627 759 1706 sumptum
782 1641 822 1685 cx
842 1622 1017 1689 Homericis
1037 1622 1105 1689 iure
1126 1630 1228 1708 potest
1249 1625 1403 1691 contendi.

438 1759 608 1841 ἀνώνυμος.
653 1761 698 1827 IV
724 1762 768 1826 45
799 1759 958 1850 πρότερον
989 1760 1026 1827 δέ
1058 1753 1096 1853 ἦν
1127 1761 1191 1852 ἀρα
1221 1764 1276 1850 (sc.
1309 1765 1328 1851 ἡ
1359 1762 1515 1854 Εὐρώπη)

349 1863 510 1948 ἀνώνυμος
534 1868 646 1954 ὥσπερ
668 1859 705 1930 αἱ
728 1864 845 1955 ἕτεραι.
894 1869 957 1934 184
979 1861 1174 1956 Ἀτάραντες
1203 1863 1240 1934 οἳ
1266 1866 1425 1952 ἀνώνυμοί
1446 1865 1515 1936 εἰσι

286 1990 296 2007 ·
347 1972 461 2054 μοῦνοι
484 1969 646 2059 ἀθρώπων
673 1974 738 2036 τῶν
767 1973 860 2059 ἡμεῖς
886 1967 986 2056 ἴδμεν.
1033 1975 1091 2041 cui
1120 1976 1189 2041 loco
1219 1977 1347 2042 contulit
1377 1977 1515 2043 Steinius

348 2083 367 2142 θ
390 2077 454 2143 552
478 2074 514 2142 οὗ
535 2074 595 2159 μὲν
616 2077 678 2166 γάρ
700 2101 753 2154 τις
774 2077 921 2160 πάμπαν
943 2071 1106 2163 ἀνώνυμός
1128 2077 1194 2145 ἔστ’
1218 2072 1404 2169 ἀνθρώπων.
1438 2082 1513 2149 Sae-

346 2184 417 2270 pius
440 2183 630 2250 adiectiuum
653 2185 755 2270 ipsum
778 2185 863 2269 apud
877 2187 1045 2252 Homerum
1067 2206 1129 2252 uon
1151 2187 1273 2270 legitur.
1309 2187 1386 2266 Quis
1408 2194 1514 2254 tamen

348 2296 395 2355 cst
416 2290 492 2371 quin
514 2289 594 2356 sciat
616 2291 867 2373 uolgarissimum
889 2291 924 2356 id
946 2292 1064 2358 fuisse?
1107 2292 1319 2359 Omitteudum
1336 2293 1433 2377 igitur
1446 2294 1513 2359 fuit.

436 2421 629 2518 ἀπόρθητος.
675 2432 721 2497 VI
745 2434 785 2497 18
808 2426 991 2514 πυθόμενος
1014 2430 1177 2497 divaricet
1202 2429 1311 2498 Θάσον
1331 2431 1391 2515 μέν
1413 2425 1513 2523 ἀπορ

347 2542 442 2624 θητον
463 2532 573 2603 λείπει
595 2535 673 2601 κτλ’.
719 2538 824 2603 Semel
851 2539 980 2604 uerbum
1003 2544 1088 2604 extat
1110 2539 1195 2625 apud
1217 2540 1394 2620 Homerum,
1416 2541 1450 2606 in
1471 2543 1516 2605 M

350 2646 400 2710 11.
445 2643 517 2711 Sed.
550 2645 586 2712 cf.
610 2646 723 2713 Aesch.
755 2646 838 2713 Pers.
862 2648 937 2712 346.
988 2648 1060 2712 Eur.
1092 2647 1175 2714 Med.
1207 2649 1281 2714 826.
1325 2649 1429 2714 Etiam
1462 2670 1512 2734 ap.

346 2749 476 2834 Lysiam
506 2752 599 2816 XXX
630 2755 648 2817 7
681 2751 925 2835 Lacedaemonii
956 2751 1101 2818 dicuntur
1137 2744 1319 2842 ἀπόρθητοι
1353 2787 1392 2808 =
1425 2754 1512 2820 haud

347 2857 523 2941 expugnati,
546 2856 663 2923 inuicti.
699 2858 737 2923 Iu
759 2858 884 2923 oraculo
899 2879 950 2942 ap.
970 2859 1117 2926 Her.VIi
1133 2861 1192 2924 141
1219 2851 1405 2947 ἀπόρθητος
1425 2861 1512 2926 uide

345 2967 394 3026 tur
416 2981 485 3028 esse
510 2995 548 3017 =
573 2962 661 3028 haud
683 2964 914 3048 expugnabilis,
937 2984 1032 3046 quam
1054 2965 1211 3030 notionem
1235 2966 1329 3032 habet
1351 2968 1447 3033 etiam
1461 2988 1511 3052 ap.

346 3066 496 3135 Dinarch.
525 3069 617 3134 173.
675 3069 869 3135 Uocabulum
905 3070 991 3154 apud
1027 3071 1190 3157 scriptores
1220 3091 1332 3156 prosae
1364 3073 1512 3140 orationis

345 3171 447 3236 minus
470 3171 592 3239 uidetur
615 3174 761 3238 usitatum
783 3175 896 3260 fuisse,
923 3195 1023 3258 neque
1045 3195 1120 3242 uero
1142 3176 1315 3262 putandum
1338 3184 1385 3244 est
1406 3198 1510 3246 ueces-

345 3278 391 3342 rio
412 3278 507 3362 plane
529 3279 624 3345 fuisse
644 3280 808 3364 poeticum.

434 3410 556 3508 ἀρήιος.
602 3421 646 3487 IV
671 3422 734 3486 174
763 3417 836 3486 eiius
866 3415 968 3487 ὅπλον
997 3417 1149 3488 ἐκτέαται
1180 3413 1290 3511 ἀρήιον
1318 3420 1417 3488 οὐδὲν,
1440 3421 1511 3489 οὔτε

346 3515 524 3606 ἀμύνεσθαι
547 3521 755 3590 ἐπιστέαται.
801 3529 909 3607 11133
931 3522 1199 3607 Λακεδαιμόνιοι
1223 3525 1260 3593 δὲ
1281 3526 1439 3609 μαθόντες
1455 3527 1511 3594 οὐκ

346 3627 379 3706 ἐς
400 3631 569 3714 γυμνικοὺς
600 3623 667 3695 ἀλλ’
691 3629 725 3709 ἐς
748 3624 875 3720 ἀρηίους
897 3625 1023 3718 ἀγῶνας
1046 3630 1142 3720 φέρον
1163 3632 1203 3697 τὸ
1227 3635 1411 3716 Τισαμενοῦ
1434 3658 1509 3717 μαν-

344 3734 434 3822 τήιον
456 3736 533 3800 κτλ’.
579 3717 779 3803 Substantiue
808 3744 989 3823 usurpatum
1018 3744 1065 3805 est
1094 3738 1127 3802 iu
1156 3739 1199 3805 VI
1222 3739 1278 3823 98,
1307 3740 1376 3804 loeo
1405 3745 1510 3807 tamen

345 3849 501 3926 suspecto:
533 3836 667 3907 δύναται
698 3841 735 3908 δὲ
762 3844 849 3908 κατὰ
873 3837 1014 3909 Ἑλλάδα
1042 3843 1193 3928 γλῶσσαν
1221 3846 1325 3909 ταῦτα
1354 3846 1396 3909 τὰ
1426 3841 1510 3911 οὐνό-

344 3970 449 4028 ματα,
474 3950 614 4035 Δαρεῖος
628 3945 758 4036 ἕρξείης,
774 3947 894 4037 Ξέρξης
908 3942 1028 4037 ἀρήιος,
1052 3941 1258 4039 Ἀρτοξέρξης
1271 3949 1372 4035 μέγας
1387 3943 1509 4040 ἀρήιοςε

344 4073 535 4136 quamquam
567 4055 627 4122 hoc
659 4076 698 4121 ex
728 4051 811 4140 μέγα
843 4047 955 4142 ἀρήιος
984 4062 1160 4143 corruptum
1188 4076 1257 4122 esse
1287 4056 1374 4122 haud
1405 4058 1510 4144 inepte

345 4158 478 4224 coniecit
508 4160 652 4227 Steiuius.
708 4160 754 4227 cf.
785 4164 817 4226 A
840 4162 891 4228 98.
923 4167 953 4224 Z
974 4163 1048 4228 340.
1079 4183 1109 4224 π
1131 4163 1206 4231 284.
1259 4161 1354 4247 Apud
1389 4163 1510 4229 Atticos

345 4258 454 4349 ὄρειος
482 4283 532 4329 ea-
550 4266 583 4330 ui
611 4286 693 4348 quae
723 4273 769 4333 est
794 4299 832 4322 =
857 4267 986 4334 bellicus
1009 4267 1131 4333 uidetur
1152 4269 1248 4334 fuisse
1269 4267 1441 4352 poeticum,
1472 4269 1509 4334 cf.

344 4368 457 4435 Aesch.
479 4369 564 4453 Sept.
590 4372 653 4436 114
675 4363 809 4460 (ἀρηΐων
830 4372 899 4458 M):
923 4380 1031 4440 conta
1053 4373 1240 4458 sanctione,
1262 4380 1297 4438 ut
1318 4372 1510 4456 significaret
1600 4376 1603 4380 '

343 4474 378 4540 id
400 4475 485 4557 quod
506 4476 617 4542 Martis
639 4483 697 4562 est,
721 4477 807 4544 haud
830 4479 924 4545 dubie
946 4480 1004 4545 tuit
1026 4480 1170 4563 uolgare,
1199 4480 1237 4545 cf.
1255 4472 1383 4567 ’Άρειος
1403 4474 1509 4564 πάγος
