<?xml version="1.0" encoding="UTF-8"?>
<!DOCTYPE html PUBLIC "-//W3C//DTD XHTML 1.0 Transitional//EN"
    "http://www.w3.org/TR/xhtml1/DTD/xhtml1-transitional.dtd">
<html xmlns="http://www.w3.org/1999/xhtml" xml:lang="en" lang="en">
 <head>
  <title>
</title>
<meta http-equiv="Content-Type" content="text/html;charset=utf-8" />
  <meta name='ocr-system' content='tesseract 3.04.00' />
  <meta name='ocr-capabilities' content='ocr_page ocr_carea ocr_par ocr_line ocrx_word'/>
</head>
<body>
  <div class='ocr_page' id='page_1' title='image "./deuocabulisquae00frgoog_0067.png"; bbox 0 0 3492 5358; ppageno 0'>
   <div class='ocr_carea' id='block_1_1' title="bbox 788 463 1011 528">
    <p class='ocr_par' dir='ltr' id='par_1_1' title="bbox 788 463 1011 528">
     <span class='ocr_line' id='line_1_1' title="bbox 788 463 1011 528; baseline 0 -17"><span class='ocrx_word' id='word_1_1' title='bbox 788 463 1011 528; x_wconf 66' lang='lat'><strong>..53-</strong></span> 
     </span>
    </p>
   </div>
   <div class='ocr_carea' id='block_1_2' title="bbox 313 673 1484 865">
    <p class='ocr_par' dir='ltr' id='par_1_2' title="bbox 313 673 1484 865">
     <span class='ocr_line' id='line_1_2' title="bbox 313 673 1484 758; baseline -0.002 -18"><span class='ocrx_word' id='word_1_2' title='bbox 313 679 438 758; x_wconf 77' lang='lat' dir='ltr'><strong>poetam</strong></span> <span class='ocrx_word' id='word_1_3' title='bbox 471 674 544 758; x_wconf 88' lang='lat' dir='ltr'><strong>(nisi</strong></span> <span class='ocrx_word' id='word_1_4' title='bbox 576 676 608 740; x_wconf 88' lang='lat' dir='ltr'><strong>in</strong></span> <span class='ocrx_word' id='word_1_5' title='bbox 637 677 721 742; x_wconf 85' lang='lat' dir='ltr'><strong>Batr.</strong></span> <span class='ocrx_word' id='word_1_6' title='bbox 746 673 803 758; x_wconf 83' lang='lat'><strong>40)</strong></span> <span class='ocrx_word' id='word_1_7' title='bbox 836 694 898 739; x_wconf 90' lang='lat' dir='ltr'><strong>nou</strong></span> <span class='ocrx_word' id='word_1_8' title='bbox 928 675 1049 757; x_wconf 85' lang='lat' dir='ltr'><strong>legitur.</strong></span> <span class='ocrx_word' id='word_1_9' title='bbox 1096 674 1190 758; x_wconf 85' lang='lat' dir='ltr'>Apud</span> <span class='ocrx_word' id='word_1_10' title='bbox 1223 675 1343 741; x_wconf 84' lang='lat' dir='ltr'><strong>Attieos</strong></span> <span class='ocrx_word' id='word_1_11' title='bbox 1375 677 1484 739; x_wconf 84' lang='grc' dir='ltr'><strong><em>θοινᾶν</em></strong></span> 
     </span>
     <span class='ocr_line' id='line_1_3' title="bbox 314 779 1483 865; baseline 0.002 -20"><span class='ocrx_word' id='word_1_12' title='bbox 314 779 401 845; x_wconf 84' lang='lat' dir='ltr'><strong>haud</strong></span> <span class='ocrx_word' id='word_1_13' title='bbox 432 781 527 846; x_wconf 91' lang='lat' dir='ltr'><strong>dubie</strong></span> <span class='ocrx_word' id='word_1_14' title='bbox 559 786 605 847; x_wconf 84' lang='lat' dir='ltr'><strong>est</strong></span> <span class='ocrx_word' id='word_1_15' title='bbox 641 781 796 865; x_wconf 90' lang='lat' dir='ltr'><strong>poetioum</strong></span> <span class='ocrx_word' id='word_1_16' title='bbox 836 781 1130 863; x_wconf 84' lang='lat' dir='ltr'><strong>(frequentissimum</strong></span> <span class='ocrx_word' id='word_1_17' title='bbox 1161 780 1247 865; x_wconf 81' lang='lat' dir='ltr'><strong>apud</strong></span> <span class='ocrx_word' id='word_1_18' title='bbox 1277 780 1483 865; x_wconf 68' lang='lat' dir='ltr'><strong>Euripidem),</strong></span> 
     </span>
    </p>
   </div>
   <div class='ocr_carea' id='block_1_3' title="bbox 177 881 1483 974">
    <p class='ocr_par' dir='ltr' id='par_1_3' title="bbox 177 881 1483 974">
     <span class='ocr_line' id='line_1_4' title="bbox 177 881 1483 974; baseline 0.002 -23"><span class='ocrx_word' id='word_1_19' title='bbox 177 956 180 961; x_wconf 60' lang='grc'>,</span> <span class='ocrx_word' id='word_1_20' title='bbox 313 881 403 974; x_wconf 77' lang='grc' dir='ltr'><strong><em>θοίνη</em></strong></span> <span class='ocrx_word' id='word_1_21' title='bbox 432 885 573 973; x_wconf 67' lang='lat' dir='ltr'><strong>(tolvei)</strong></span> <span class='ocrx_word' id='word_1_22' title='bbox 602 907 712 955; x_wconf 88' lang='lat' dir='ltr'><strong>uooem</strong></span> <span class='ocrx_word' id='word_1_23' title='bbox 733 888 909 972; x_wconf 82' lang='lat' dir='ltr'>Xenophon</span> <span class='ocrx_word' id='word_1_24' title='bbox 937 888 1183 970; x_wconf 75' lang='lat' dir='ltr'><strong>recentioresque</strong></span> <span class='ocrx_word' id='word_1_25' title='bbox 1212 888 1377 972; x_wconf 76' lang='lat' dir='ltr'><strong>scriptores</strong></span> <span class='ocrx_word' id='word_1_26' title='bbox 1399 908 1483 954; x_wconf 89' lang='lat' dir='ltr'><strong>usur-</strong></span> 
     </span>
    </p>
   </div>
   <div class='ocr_carea' id='block_1_4' title="bbox 312 993 1483 1185">
    <p class='ocr_par' dir='ltr' id='par_1_4' title="bbox 312 993 1483 1185">
     <span class='ocr_line' id='line_1_5' title="bbox 312 993 1483 1079; baseline 0.001 -20"><span class='ocrx_word' id='word_1_27' title='bbox 312 999 473 1079; x_wconf 81' lang='lat' dir='ltr'><strong>pauerunt</strong></span> <span class='ocrx_word' id='word_1_28' title='bbox 526 993 572 1060; x_wconf 79' lang='lat' dir='ltr'><strong>cf.</strong></span> <span class='ocrx_word' id='word_1_29' title='bbox 603 995 683 1060; x_wconf 90' lang='lat' dir='ltr'><strong>Xeu.</strong></span> <span class='ocrx_word' id='word_1_30' title='bbox 714 993 785 1079; x_wconf 65' lang='lat' dir='ltr'><strong>(tyr.</strong></span> <span class='ocrx_word' id='word_1_31' title='bbox 817 994 861 1060; x_wconf 91' lang='lat' dir='ltr'><strong>IV</strong></span> <span class='ocrx_word' id='word_1_32' title='bbox 891 996 928 1077; x_wconf 83' lang='grc'><strong>2,</strong></span> <span class='ocrx_word' id='word_1_33' title='bbox 960 995 1013 1060; x_wconf 86' lang='grc'>39.</span> <span class='ocrx_word' id='word_1_34' title='bbox 1066 994 1145 1060; x_wconf 85' lang='lat' dir='ltr'><strong>Plat.</strong></span> <span class='ocrx_word' id='word_1_35' title='bbox 1179 994 1275 1078; x_wconf 87' lang='lat' dir='ltr'><strong>Soph.</strong></span> <span class='ocrx_word' id='word_1_36' title='bbox 1306 1016 1335 1078; x_wconf 90' lang='lat' dir='ltr'><strong>p.</strong></span> <span class='ocrx_word' id='word_1_37' title='bbox 1358 994 1422 1060; x_wconf 83' lang='lat'><strong>251</strong></span> <span class='ocrx_word' id='word_1_38' title='bbox 1447 997 1483 1060; x_wconf 94' lang='lat' dir='ltr'><strong>B.</strong></span> 
     </span>
     <span class='ocr_line' id='line_1_6' title="bbox 314 1099 1410 1185; baseline 0.002 -20"><span class='ocrx_word' id='word_1_39' title='bbox 314 1101 414 1184; x_wconf 80' lang='lat' dir='ltr'><strong>Legg.</strong></span> <span class='ocrx_word' id='word_1_40' title='bbox 437 1102 453 1166; x_wconf 94' lang='grc' dir='ltr'>Ι</span> <span class='ocrx_word' id='word_1_41' title='bbox 475 1120 505 1185; x_wconf 91' lang='lat' dir='ltr'><strong>p.</strong></span> <span class='ocrx_word' id='word_1_42' title='bbox 529 1102 593 1167; x_wconf 83' lang='lat'><strong>649</strong></span> <span class='ocrx_word' id='word_1_43' title='bbox 617 1102 656 1167; x_wconf 80' lang='lat' dir='ltr'><strong>A.</strong></span> <span class='ocrx_word' id='word_1_44' title='bbox 702 1100 831 1167; x_wconf 84' lang='lat' dir='ltr'><strong>Oonuin.</strong></span> <span class='ocrx_word' id='word_1_45' title='bbox 854 1121 884 1184; x_wconf 88' lang='lat' dir='ltr'><strong>p.</strong></span> <span class='ocrx_word' id='word_1_46' title='bbox 910 1101 975 1166; x_wconf 83' lang='grc'>174</span> <span class='ocrx_word' id='word_1_47' title='bbox 997 1100 1031 1167; x_wconf 86' lang='lat'><strong>0.</strong></span> <span class='ocrx_word' id='word_1_48' title='bbox 1075 1099 1211 1167; x_wconf 83' lang='lat' dir='ltr'><strong>Phaedr.</strong></span> <span class='ocrx_word' id='word_1_49' title='bbox 1232 1122 1262 1185; x_wconf 92' lang='lat' dir='ltr'><strong>p.</strong></span> <span class='ocrx_word' id='word_1_50' title='bbox 1286 1101 1349 1167; x_wconf 79' lang='grc'>247</span> <span class='ocrx_word' id='word_1_51' title='bbox 1374 1103 1410 1168; x_wconf 95' lang='grc' dir='ltr'>Β.</span> 
     </span>
    </p>
   </div>
   <div class='ocr_carea' id='block_1_5' title="bbox 312 1237 1484 2501">
    <p class='ocr_par' dir='ltr' id='par_1_5' title="bbox 312 1237 1484 2501">
     <span class='ocr_line' id='line_1_7' title="bbox 403 1237 1482 1329; baseline 0.004 -23"><span class='ocrx_word' id='word_1_52' title='bbox 403 1237 490 1307; x_wconf 84' lang='grc' dir='ltr'><strong><em>ίθύιο.</em></strong></span> <span class='ocrx_word' id='word_1_53' title='bbox 528 1242 624 1328; x_wconf 85' lang='lat' dir='ltr'><strong>Apud</strong></span> <span class='ocrx_word' id='word_1_54' title='bbox 646 1242 838 1309; x_wconf 88' lang='lat' dir='ltr'><strong>Herodotum</strong></span> <span class='ocrx_word' id='word_1_55' title='bbox 861 1248 908 1308; x_wconf 92' lang='lat' dir='ltr'><strong>est</strong></span> <span class='ocrx_word' id='word_1_56' title='bbox 924 1240 956 1329; x_wconf 91' lang='lat'><strong>1)</strong></span> <span class='ocrx_word' id='word_1_57' title='bbox 981 1274 1020 1296; x_wconf 90' lang='lat'><strong>==</strong></span> <span class='ocrx_word' id='word_1_58' title='bbox 1046 1247 1133 1308; x_wconf 81' lang='lat' dir='ltr'><strong>reete.</strong></span> <span class='ocrx_word' id='word_1_59' title='bbox 1154 1242 1209 1307; x_wconf 84' lang='lat' dir='ltr'><strong>uia</strong></span> <span class='ocrx_word' id='word_1_60' title='bbox 1222 1262 1268 1327; x_wconf 86' lang='lat' dir='ltr'><strong>eo,</strong></span> <span class='ocrx_word' id='word_1_61' title='bbox 1291 1241 1482 1326; x_wconf 82' lang='lat' dir='ltr'><strong>progredior.</strong></span> 
     </span>
     <span class='ocr_line' id='line_1_8' title="bbox 312 1341 1482 1437; baseline -0.001 -24"><span class='ocrx_word' id='word_1_62' title='bbox 312 1349 357 1416; x_wconf 93' lang='lat' dir='ltr'><strong>IV</strong></span> <span class='ocrx_word' id='word_1_63' title='bbox 381 1350 444 1415; x_wconf 81' lang='lat'><strong>122</strong></span> <span class='ocrx_word' id='word_1_64' title='bbox 486 1348 572 1437; x_wconf 80' lang='grc' dir='ltr'><strong><em>πρὸς</em></strong></span> <span class='ocrx_word' id='word_1_65' title='bbox 603 1349 663 1436; x_wconf 76' lang='grc' dir='ltr'><strong>γὰρ</strong></span> <span class='ocrx_word' id='word_1_66' title='bbox 694 1348 752 1437; x_wconf 78' lang='grc' dir='ltr'><strong>σύμ</strong></span> <span class='ocrx_word' id='word_1_67' title='bbox 782 1344 861 1430; x_wconf 88' lang='grc' dir='ltr'><strong><em>μίαν</em></strong></span> <span class='ocrx_word' id='word_1_68' title='bbox 891 1356 956 1411; x_wconf 80' lang='grc' dir='ltr'><strong><em>τῶν</em></strong></span> <span class='ocrx_word' id='word_1_69' title='bbox 986 1346 1124 1435; x_wconf 81' lang='grc' dir='ltr'><em>μοιρέων</em></span> <span class='ocrx_word' id='word_1_70' title='bbox 1154 1341 1276 1412; x_wconf 83' lang='grc' dir='ltr'><strong><em>ίθυσαν.</em></strong></span> <span class='ocrx_word' id='word_1_71' title='bbox 1323 1348 1369 1417; x_wconf 79' lang='lat' dir='ltr'><strong>cf.</strong></span> <span class='ocrx_word' id='word_1_72' title='bbox 1400 1353 1431 1411; x_wconf 92' lang='lat' dir='ltr'><em>Z</em></span> <span class='ocrx_word' id='word_1_73' title='bbox 1451 1351 1482 1414; x_wconf 92' lang='grc'><strong>2.</strong></span> 
     </span>
     <span class='ocr_line' id='line_1_9' title="bbox 312 1454 1484 1542; baseline 0.001 -23"><span class='ocrx_word' id='word_1_74' title='bbox 312 1459 352 1519; x_wconf 93' lang='grc' dir='ltr'><em>Λ</em></span> <span class='ocrx_word' id='word_1_75' title='bbox 375 1456 448 1522; x_wconf 90' lang='grc'>552.</span> <span class='ocrx_word' id='word_1_76' title='bbox 477 1459 523 1518; x_wconf 88' lang='lat' dir='ltr'><em>M</em></span> <span class='ocrx_word' id='word_1_77' title='bbox 541 1458 615 1523; x_wconf 82' lang='grc'>443.</span> <span class='ocrx_word' id='word_1_78' title='bbox 643 1457 767 1523; x_wconf 86' lang='lat'><strong>0693.</strong></span> <span class='ocrx_word' id='word_1_79' title='bbox 797 1459 837 1518; x_wconf 88' lang='grc' dir='ltr'><em>Π</em></span> <span class='ocrx_word' id='word_1_80' title='bbox 856 1457 930 1521; x_wconf 88' lang='grc'>582.</span> <span class='ocrx_word' id='word_1_81' title='bbox 977 1454 1012 1542; x_wconf 88' lang='grc'><strong>2)</strong></span> <span class='ocrx_word' id='word_1_82' title='bbox 1035 1484 1078 1512; x_wconf 94' lang='lat'><strong><em>=</em></strong></span> <span class='ocrx_word' id='word_1_83' title='bbox 1101 1454 1225 1538; x_wconf 88' lang='lat' dir='ltr'><strong>studeo,</strong></span> <span class='ocrx_word' id='word_1_84' title='bbox 1247 1475 1334 1540; x_wconf 82' lang='lat' dir='ltr'><strong>paro.</strong></span> <span class='ocrx_word' id='word_1_85' title='bbox 1378 1456 1484 1521; x_wconf 88' lang='grc'>1204</span> 
     </span>
     <span class='ocr_line' id='line_1_10' title="bbox 315 1550 1482 1650; baseline 0.001 -24"><span class='ocrx_word' id='word_1_86' title='bbox 315 1560 372 1650; x_wconf 80' lang='grc' dir='ltr'><strong>ὅκῃ</strong></span> <span class='ocrx_word' id='word_1_87' title='bbox 403 1561 478 1649; x_wconf 74' lang='grc' dir='ltr'><strong>γὰρ,</strong></span> <span class='ocrx_word' id='word_1_88' title='bbox 494 1557 614 1626; x_wconf 76' lang='grc' dir='ltr'><strong><em>ἰθύσειε</em></strong></span> <span class='ocrx_word' id='word_1_89' title='bbox 650 1562 880 1650; x_wconf 88' lang='grc' dir='ltr'><strong><em>στρατεύεσθαι</em></strong></span> <span class='ocrx_word' id='word_1_90' title='bbox 910 1566 1031 1649; x_wconf 81' lang='grc' dir='ltr'><strong><em>Κύρος,</em></strong></span> <span class='ocrx_word' id='word_1_91' title='bbox 1064 1558 1224 1648; x_wconf 77' lang='grc' dir='ltr'><strong><em>ἀμήχανον</em></strong></span> <span class='ocrx_word' id='word_1_92' title='bbox 1251 1550 1289 1650; x_wconf 80' lang='grc' dir='ltr'><strong>ἦν</strong></span> <span class='ocrx_word' id='word_1_93' title='bbox 1312 1557 1415 1625; x_wconf 83' lang='grc' dir='ltr'><strong><em>ἐκεῖνο</em></strong></span> <span class='ocrx_word' id='word_1_94' title='bbox 1443 1557 1482 1627; x_wconf 86' lang='grc' dir='ltr'><strong><em>τὸ</em></strong></span> 
     </span>
     <span class='ocr_line' id='line_1_11' title="bbox 313 1663 1483 1757; baseline -0.003 -24"><span class='ocrx_word' id='word_1_95' title='bbox 313 1663 402 1745; x_wconf 78' lang='grc' dir='ltr'><strong><em>ἐθνσς</em></strong></span> <span class='ocrx_word' id='word_1_96' title='bbox 427 1668 605 1757; x_wconf 76' lang='grc' dir='ltr'><em>διαφυγεῖν.</em></span> <span class='ocrx_word' id='word_1_97' title='bbox 642 1669 757 1735; x_wconf 84' lang='grc'>11139</span> <span class='ocrx_word' id='word_1_98' title='bbox 782 1665 857 1732; x_wconf 78' lang='grc' dir='ltr'><strong><em>ὅκου</em></strong></span> <span class='ocrx_word' id='word_1_99' title='bbox 879 1667 940 1755; x_wconf 83' lang='grc' dir='ltr'><strong>γὰρ</strong></span> <span class='ocrx_word' id='word_1_100' title='bbox 963 1663 1084 1732; x_wconf 79' lang='grc' dir='ltr'><em>ἰθύσειε</em></span> <span class='ocrx_word' id='word_1_101' title='bbox 1108 1667 1348 1755; x_wconf 85' lang='grc' dir='ltr'><strong><em>στρατεύεσθαι,</em></strong></span> <span class='ocrx_word' id='word_1_102' title='bbox 1372 1665 1483 1731; x_wconf 79' lang='grc' dir='ltr'><strong><em>πάντα</em></strong></span> 
     </span>
     <span class='ocr_line' id='line_1_12' title="bbox 314 1768 1484 1862; baseline -0.003 -23"><span class='ocrx_word' id='word_1_103' title='bbox 314 1768 348 1839; x_wconf 79' lang='grc' dir='ltr'><strong>οὶ</strong></span> <span class='ocrx_word' id='word_1_104' title='bbox 370 1772 499 1861; x_wconf 86' lang='grc' dir='ltr'><strong><em>ἐχώρειν</em></strong></span> <span class='ocrx_word' id='word_1_105' title='bbox 521 1772 682 1855; x_wconf 73' lang='grc' dir='ltr'><strong><em>εὐτυχέως.</em></strong></span> <span class='ocrx_word' id='word_1_106' title='bbox 728 1776 788 1840; x_wconf 90' lang='lat' dir='ltr'><strong>VII</strong></span> <span class='ocrx_word' id='word_1_107' title='bbox 812 1777 831 1840; x_wconf 90' lang='lat'><em>8</em></span> <span class='ocrx_word' id='word_1_108' title='bbox 854 1775 890 1861; x_wconf 80' lang='grc' dir='ltr'><strong>β)</strong></span> <span class='ocrx_word' id='word_1_109' title='bbox 914 1774 1019 1862; x_wconf 82' lang='grc' dir='ltr'><strong><em>ὡρᾶτε</em></strong></span> <span class='ocrx_word' id='word_1_110' title='bbox 1040 1771 1100 1856; x_wconf 81' lang='grc' dir='ltr'><strong>μέν</strong></span> <span class='ocrx_word' id='word_1_111' title='bbox 1120 1798 1174 1839; x_wconf 84' lang='grc' dir='ltr'><strong>νυν</strong></span> <span class='ocrx_word' id='word_1_112' title='bbox 1195 1771 1253 1839; x_wconf 80' lang='grc' dir='ltr'><strong>καὶ</strong></span> <span class='ocrx_word' id='word_1_113' title='bbox 1275 1772 1403 1861; x_wconf 79' lang='grc' dir='ltr'><strong><em>πατέρα</em></strong></span> <span class='ocrx_word' id='word_1_114' title='bbox 1426 1770 1484 1838; x_wconf 89' lang='grc' dir='ltr'><strong><em>τὸν</em></strong></span> 
     </span>
     <span class='ocr_line' id='line_1_13' title="bbox 313 1876 1484 1969; baseline 0 -25"><span class='ocrx_word' id='word_1_115' title='bbox 313 1878 391 1964; x_wconf 85' lang='grc' dir='ltr'><strong><em>ἐμὸν</em></strong></span> <span class='ocrx_word' id='word_1_116' title='bbox 420 1882 561 1968; x_wconf 88' lang='grc' dir='ltr'><strong><em>Δαρεῖον</em></strong></span> <span class='ocrx_word' id='word_1_117' title='bbox 591 1876 718 1945; x_wconf 80' lang='grc' dir='ltr'><strong><em>ἰθύοντα</em></strong></span> <span class='ocrx_word' id='word_1_118' title='bbox 752 1880 983 1969; x_wconf 90' lang='grc' dir='ltr'><strong><em>στρατεύεσθαι</em></strong></span> <span class='ocrx_word' id='word_1_119' title='bbox 1015 1877 1074 1944; x_wconf 72' lang='grc' dir='ltr'><strong><em>ἐστὶ</em></strong></span> <span class='ocrx_word' id='word_1_120' title='bbox 1103 1881 1176 1957; x_wconf 77' lang='grc' dir='ltr'><strong><em>τοὺς</em></strong></span> <span class='ocrx_word' id='word_1_121' title='bbox 1206 1878 1326 1967; x_wconf 72' lang='grc' dir='ltr'><strong><em>ἄνδρας</em></strong></span> <span class='ocrx_word' id='word_1_122' title='bbox 1354 1880 1484 1956; x_wconf 77' lang='grc' dir='ltr'><strong><em>τούτους</em></strong></span> 
     </span>
     <span class='ocr_line' id='line_1_14' title="bbox 313 1982 1483 2075; baseline -0.003 -22"><span class='ocrx_word' id='word_1_123' title='bbox 313 1988 424 2074; x_wconf 85' lang='lat' dir='ltr'><strong>(uerba</strong></span> <span class='ocrx_word' id='word_1_124' title='bbox 452 1986 589 2075; x_wconf 85' lang='lat' dir='ltr'><strong>Xerxis).</strong></span> <span class='ocrx_word' id='word_1_125' title='bbox 641 1989 687 2054; x_wconf 80' lang='lat' dir='ltr'><strong>cf.</strong></span> <span class='ocrx_word' id='word_1_126' title='bbox 719 1991 749 2051; x_wconf 91' lang='lat' dir='ltr'><strong><em>P</em></strong></span> <span class='ocrx_word' id='word_1_127' title='bbox 769 1988 843 2055; x_wconf 84' lang='lat'><strong>353.</strong></span> <span class='ocrx_word' id='word_1_128' title='bbox 880 1987 985 2054; x_wconf 78' lang='lat' dir='ltr'><strong>tour</strong></span> <span class='ocrx_word' id='word_1_129' title='bbox 1018 1987 1095 2074; x_wconf 81' lang='grc' dir='ltr'><strong><em>(τῶν</em></strong></span> <span class='ocrx_word' id='word_1_130' title='bbox 1127 1985 1247 2052; x_wconf 78' lang='grc' dir='ltr'><strong><em>ὁπότ’</em></strong></span> <span class='ocrx_word' id='word_1_131' title='bbox 1280 1982 1432 2051; x_wconf 80' lang='grc' dir='ltr'><strong><em>ἰθύσει’</em></strong></span> <span class='ocrx_word' id='word_1_132' title='bbox 1465 1986 1483 2050; x_wconf 85' lang='grc' dir='ltr'>ὁ</span> 
     </span>
     <span class='ocr_line' id='line_1_15' title="bbox 313 2090 1483 2181; baseline -0.002 -22"><span class='ocrx_word' id='word_1_133' title='bbox 313 2092 413 2180; x_wconf 77' lang='grc' dir='ltr'><strong><em>γέρων</em></strong></span> <span class='ocrx_word' id='word_1_134' title='bbox 435 2090 494 2157; x_wconf 78' lang='grc' dir='ltr'><strong>ἐπὶ</strong></span> <span class='ocrx_word' id='word_1_135' title='bbox 516 2092 607 2181; x_wconf 82' lang='grc' dir='ltr'><strong><em>χερσὶ</em></strong></span> <span class='ocrx_word' id='word_1_136' title='bbox 628 2092 820 2181; x_wconf 82' lang='grc' dir='ltr'><strong><em>μάσασθαι).</em></strong></span> <span class='ocrx_word' id='word_1_137' title='bbox 855 2095 972 2174; x_wconf 88' lang='grc' dir='ltr'>χ408.</span> <span class='ocrx_word' id='word_1_138' title='bbox 1017 2093 1173 2172; x_wconf 85' lang='lat' dir='ltr'><strong>Quoniam</strong></span> <span class='ocrx_word' id='word_1_139' title='bbox 1195 2093 1373 2160; x_wconf 87' lang='lat' dir='ltr'><strong>Herodotus</strong></span> <span class='ocrx_word' id='word_1_140' title='bbox 1395 2093 1483 2158; x_wconf 83' lang='lat' dir='ltr'><strong>iuxta</strong></span> 
     </span>
     <span class='ocr_line' id='line_1_16' title="bbox 314 2195 1483 2287; baseline 0 -23"><span class='ocrx_word' id='word_1_141' title='bbox 314 2195 414 2265; x_wconf 87' lang='grc' dir='ltr'><strong><em>ίθύειν</em></strong></span> <span class='ocrx_word' id='word_1_142' title='bbox 435 2200 553 2265; x_wconf 86' lang='lat' dir='ltr'><strong>nullum</strong></span> <span class='ocrx_word' id='word_1_143' title='bbox 576 2200 763 2266; x_wconf 88' lang='lat' dir='ltr'><strong>infinitiuum</strong></span> <span class='ocrx_word' id='word_1_144' title='bbox 784 2201 888 2285; x_wconf 86' lang='lat' dir='ltr'><strong>posuit</strong></span> <span class='ocrx_word' id='word_1_145' title='bbox 910 2201 971 2266; x_wconf 89' lang='lat' dir='ltr'><strong>uisi</strong></span> <span class='ocrx_word' id='word_1_146' title='bbox 1001 2200 1247 2287; x_wconf 75' lang='grc' dir='ltr'><strong><em>στρατεύεσθαί,</em></strong></span> <span class='ocrx_word' id='word_1_147' title='bbox 1271 2220 1348 2266; x_wconf 85' lang='lat' dir='ltr'><strong>suae</strong></span> <span class='ocrx_word' id='word_1_148' title='bbox 1370 2200 1483 2265; x_wconf 82' lang='lat' dir='ltr'><strong>aetatis</strong></span> 
     </span>
     <span class='ocr_line' id='line_1_17' title="bbox 312 2305 1484 2392; baseline -0.001 -20"><span class='ocrx_word' id='word_1_149' title='bbox 312 2327 403 2372; x_wconf 90' lang='lat' dir='ltr'><strong>usum</strong></span> <span class='ocrx_word' id='word_1_150' title='bbox 434 2307 537 2392; x_wconf 87' lang='lat' dir='ltr'><strong>potius</strong></span> <span class='ocrx_word' id='word_1_151' title='bbox 566 2327 662 2389; x_wconf 86' lang='lat' dir='ltr'><strong>quam</strong></span> <span class='ocrx_word' id='word_1_152' title='bbox 698 2308 874 2392; x_wconf 83' lang='lat' dir='ltr'><strong>exemplum</strong></span> <span class='ocrx_word' id='word_1_153' title='bbox 905 2307 1105 2373; x_wconf 81' lang='lat' dir='ltr'><strong>Homericum</strong></span> <span class='ocrx_word' id='word_1_154' title='bbox 1140 2312 1266 2373; x_wconf 80' lang='lat' dir='ltr'><strong>secutus</strong></span> <span class='ocrx_word' id='word_1_155' title='bbox 1301 2327 1370 2373; x_wconf 86' lang='lat' dir='ltr'><strong>osse</strong></span> <span class='ocrx_word' id='word_1_156' title='bbox 1404 2305 1484 2372; x_wconf 89' lang='lat' dir='ltr'><strong>mihi</strong></span> 
     </span>
     <span class='ocr_line' id='line_1_18' title="bbox 313 2411 1153 2501; baseline 0.001 -23"><span class='ocrx_word' id='word_1_157' title='bbox 313 2413 445 2480; x_wconf 89' lang='lat' dir='ltr'><strong>uidetur.</strong></span> <span class='ocrx_word' id='word_1_158' title='bbox 491 2413 587 2480; x_wconf 85' lang='lat' dir='ltr'><strong>Attiei</strong></span> <span class='ocrx_word' id='word_1_159' title='bbox 610 2415 738 2480; x_wconf 87' lang='lat' dir='ltr'><strong>uerbum</strong></span> <span class='ocrx_word' id='word_1_160' title='bbox 761 2411 886 2501; x_wconf 86' lang='grc' dir='ltr'><strong><em>(εύθύω)</em></strong></span> <span class='ocrx_word' id='word_1_161' title='bbox 910 2435 972 2479; x_wconf 92' lang='lat' dir='ltr'><strong>nou</strong></span> <span class='ocrx_word' id='word_1_162' title='bbox 995 2419 1153 2480; x_wconf 78' lang='lat' dir='ltr'><strong>nouerant.</strong></span> 
     </span>
    </p>
   </div>
   <div class='ocr_carea' id='block_1_6' title="bbox 402 2549 1483 2644">
    <p class='ocr_par' dir='ltr' id='par_1_6' title="bbox 402 2549 1483 2644">
     <span class='ocr_line' id='line_1_19' title="bbox 402 2549 1483 2644; baseline 0 -25"><span class='ocrx_word' id='word_1_163' title='bbox 402 2550 602 2643; x_wconf 87' lang='grc' dir='ltr'><strong><em>μαρσίνομαι</em></strong></span> <span class='ocrx_word' id='word_1_164' title='bbox 627 2589 667 2610; x_wconf 93' lang='lat'><strong><em>=</em></strong></span> <span class='ocrx_word' id='word_1_165' title='bbox 692 2576 847 2623; x_wconf 83' lang='lat' dir='ltr'><strong>exareseO.</strong></span> <span class='ocrx_word' id='word_1_166' title='bbox 901 2557 934 2622; x_wconf 90' lang='grc' dir='ltr'><strong>ΙΙ</strong></span> <span class='ocrx_word' id='word_1_167' title='bbox 961 2557 1005 2621; x_wconf 85' lang='grc'>24</span> <span class='ocrx_word' id='word_1_168' title='bbox 1043 2554 1162 2644; x_wconf 81' lang='grc' dir='ltr'><strong><em>ταύτην</em></strong></span> <span class='ocrx_word' id='word_1_169' title='bbox 1192 2549 1281 2631; x_wconf 77' lang='grc' dir='ltr'><strong><em>οἰκὸς</em></strong></span> <span class='ocrx_word' id='word_1_170' title='bbox 1314 2555 1417 2643; x_wconf 78' lang='grc' dir='ltr'><strong><em>διψᾶν</em></strong></span> <span class='ocrx_word' id='word_1_171' title='bbox 1447 2578 1483 2619; x_wconf 91' lang='grc' dir='ltr'><strong>τε</strong></span> 
     </span>
    </p>
   </div>
   <div class='ocr_carea' id='block_1_7' title="bbox 312 2655 1484 3812">
    <p class='ocr_par' dir='ltr' id='par_1_7' title="bbox 312 2655 1484 3812">
     <span class='ocr_line' id='line_1_20' title="bbox 312 2655 1484 2749; baseline -0.002 -23"><span class='ocrx_word' id='word_1_172' title='bbox 312 2660 438 2726; x_wconf 77' lang='grc' dir='ltr'><strong><em>ὑδάτων</em></strong></span> <span class='ocrx_word' id='word_1_173' title='bbox 468 2661 615 2744; x_wconf 84' lang='grc' dir='ltr'><strong><em>μάλιστα</em></strong></span> <span class='ocrx_word' id='word_1_174' title='bbox 652 2660 711 2727; x_wconf 80' lang='grc' dir='ltr'><strong>καί</strong></span> <span class='ocrx_word' id='word_1_175' title='bbox 748 2662 790 2726; x_wconf 80' lang='grc' dir='ltr'><strong><em>τὰ</em></strong></span> <span class='ocrx_word' id='word_1_176' title='bbox 822 2660 959 2749; x_wconf 77' lang='grc' dir='ltr'><strong><em>ἐγχώρια</em></strong></span> <span class='ocrx_word' id='word_1_177' title='bbox 999 2661 1140 2749; x_wconf 81' lang='grc' dir='ltr'><strong><em>ῥεύματα</em></strong></span> <span class='ocrx_word' id='word_1_178' title='bbox 1174 2655 1388 2749; x_wconf 80' lang='grc' dir='ltr'><strong><em>μαραίνεσθαι</em></strong></span> <span class='ocrx_word' id='word_1_179' title='bbox 1420 2668 1484 2724; x_wconf 85' lang='grc' dir='ltr'><strong><em>τῶν</em></strong></span> 
     </span>
     <span class='ocr_line' id='line_1_21' title="bbox 313 2768 1482 2853; baseline 0 -21"><span class='ocrx_word' id='word_1_180' title='bbox 313 2777 481 2851; x_wconf 78' lang='grc' dir='ltr'><strong><em>ποταμῶν.</em></strong></span> <span class='ocrx_word' id='word_1_181' title='bbox 518 2770 556 2834; x_wconf 91' lang='lat' dir='ltr'><strong>Iu</strong></span> <span class='ocrx_word' id='word_1_182' title='bbox 578 2768 689 2853; x_wconf 84' lang='lat' dir='ltr'><strong>Iliade,</strong></span> <span class='ocrx_word' id='word_1_183' title='bbox 713 2771 812 2833; x_wconf 80' lang='grc'>1212</span> <span class='ocrx_word' id='word_1_184' title='bbox 837 2775 868 2834; x_wconf 90' lang='lat' dir='ltr'><strong>et</strong></span> <span class='ocrx_word' id='word_1_185' title='bbox 895 2770 1014 2853; x_wconf 74' lang='grc' dir='ltr'>Ψ228,</span> <span class='ocrx_word' id='word_1_186' title='bbox 1037 2770 1167 2835; x_wconf 90' lang='lat' dir='ltr'><strong>uerbum</strong></span> <span class='ocrx_word' id='word_1_187' title='bbox 1189 2774 1236 2834; x_wconf 89' lang='lat' dir='ltr'><strong>est</strong></span> <span class='ocrx_word' id='word_1_188' title='bbox 1250 2801 1290 2822; x_wconf 95' lang='lat'><strong><em>=</em></strong></span> <span class='ocrx_word' id='word_1_189' title='bbox 1307 2770 1482 2852; x_wconf 81' lang='lat' dir='ltr'><strong>extinguor:</strong></span> 
     </span>
     <span class='ocr_line' id='line_1_22' title="bbox 313 2869 1482 2962; baseline 0 -21"><span class='ocrx_word' id='word_1_190' title='bbox 313 2876 451 2941; x_wconf 77' lang='lat' dir='ltr'><strong>uotiuum</strong></span> <span class='ocrx_word' id='word_1_191' title='bbox 479 2869 626 2962; x_wconf 84' lang='grc' dir='ltr'><strong><em>μαραίνιο</em></strong></span> <span class='ocrx_word' id='word_1_192' title='bbox 661 2907 700 2929; x_wconf 93' lang='lat'>=</span> <span class='ocrx_word' id='word_1_193' title='bbox 734 2876 881 2958; x_wconf 76' lang='lat' dir='ltr'><strong>extinguo</strong></span> <span class='ocrx_word' id='word_1_194' title='bbox 917 2876 1031 2958; x_wconf 86' lang='lat' dir='ltr'><strong>legitur</strong></span> <span class='ocrx_word' id='word_1_195' title='bbox 1066 2875 1100 2940; x_wconf 89' lang='lat' dir='ltr'><strong>in</strong></span> <span class='ocrx_word' id='word_1_196' title='bbox 1136 2875 1241 2962; x_wconf 86' lang='lat' dir='ltr'><strong>hymn.</strong></span> <span class='ocrx_word' id='word_1_197' title='bbox 1277 2875 1372 2941; x_wconf 88' lang='lat' dir='ltr'><strong>Mero.</strong></span> <span class='ocrx_word' id='word_1_198' title='bbox 1411 2876 1482 2941; x_wconf 87' lang='lat'>140.</span> 
     </span>
     <span class='ocr_line' id='line_1_23' title="bbox 312 2981 1483 3068; baseline 0 -22"><span class='ocrx_word' id='word_1_199' title='bbox 312 2981 402 3060; x_wconf 77' lang='lat' dir='ltr'><strong>Quae</strong></span> <span class='ocrx_word' id='word_1_200' title='bbox 431 2983 515 3048; x_wconf 90' lang='lat' dir='ltr'><strong>notio</strong></span> <span class='ocrx_word' id='word_1_201' title='bbox 543 2981 630 3047; x_wconf 84' lang='lat' dir='ltr'><strong>houd</strong></span> <span class='ocrx_word' id='word_1_202' title='bbox 660 2981 755 3048; x_wconf 87' lang='lat' dir='ltr'><strong>dubie</strong></span> <span class='ocrx_word' id='word_1_203' title='bbox 788 2981 875 3047; x_wconf 93' lang='lat' dir='ltr'><strong>uerbi</strong></span> <span class='ocrx_word' id='word_1_204' title='bbox 907 2984 968 3048; x_wconf 90' lang='lat' dir='ltr'><strong>est</strong></span> <span class='ocrx_word' id='word_1_205' title='bbox 984 2981 1136 3066; x_wconf 80' lang='lat' dir='ltr'><strong>primaria</strong></span> <span class='ocrx_word' id='word_1_206' title='bbox 1166 2981 1218 3068; x_wconf 88' lang='lat' dir='ltr'><strong>(of.</strong></span> <span class='ocrx_word' id='word_1_207' title='bbox 1250 3001 1384 3066; x_wconf 81' lang='lat' dir='ltr'><strong>„aquam</strong></span> <span class='ocrx_word' id='word_1_208' title='bbox 1406 2982 1483 3046; x_wconf 87' lang='lat' dir='ltr'><strong>riuis</strong></span> 
     </span>
     <span class='ocr_line' id='line_1_24' title="bbox 313 3083 1482 3175; baseline -0.002 -21"><span class='ocrx_word' id='word_1_209' title='bbox 313 3089 512 3172; x_wconf 60' lang='lat' dir='ltr'><strong>extinguere</strong></span> <span class='ocrx_word' id='word_1_210' title='bbox 534 3088 699 3174; x_wconf 76' lang='lat' dir='ltr'><strong>ap.‚Liu.).</strong></span> <span class='ocrx_word' id='word_1_211' title='bbox 745 3088 889 3154; x_wconf 76' lang='lat' dir='ltr'><strong>Ceterum</strong></span> <span class='ocrx_word' id='word_1_212' title='bbox 911 3088 1054 3155; x_wconf 87' lang='lat' dir='ltr'><strong>uidemus</strong></span> <span class='ocrx_word' id='word_1_213' title='bbox 1084 3083 1232 3175; x_wconf 84' lang='grc' dir='ltr'><strong><em>μαραίνιο</em></strong></span> <span class='ocrx_word' id='word_1_214' title='bbox 1254 3109 1291 3154; x_wconf 86' lang='lat' dir='ltr'><strong>eo</strong></span> <span class='ocrx_word' id='word_1_215' title='bbox 1314 3107 1407 3155; x_wconf 84' lang='lat' dir='ltr'><strong>sensu</strong></span> <span class='ocrx_word' id='word_1_216' title='bbox 1429 3087 1482 3170; x_wconf 89' lang='lat' dir='ltr'><strong>qui</strong></span> 
     </span>
     <span class='ocr_line' id='line_1_25' title="bbox 313 3193 1483 3280; baseline -0.001 -20"><span class='ocrx_word' id='word_1_217' title='bbox 313 3200 360 3261; x_wconf 83' lang='lat' dir='ltr'><strong>est</strong></span> <span class='ocrx_word' id='word_1_218' title='bbox 384 3228 424 3249; x_wconf 97' lang='lat'><strong><em>=</em></strong></span> <span class='ocrx_word' id='word_1_219' title='bbox 449 3196 610 3279; x_wconf 86' lang='lat' dir='ltr'><strong>extinguo,</strong></span> <span class='ocrx_word' id='word_1_220' title='bbox 643 3196 780 3280; x_wconf 83' lang='lat' dir='ltr'><strong>exsieeo,</strong></span> <span class='ocrx_word' id='word_1_221' title='bbox 812 3195 957 3261; x_wconf 83' lang='lat' dir='ltr'><strong>effemino</strong></span> <span class='ocrx_word' id='word_1_222' title='bbox 989 3195 1085 3260; x_wconf 84' lang='lat' dir='ltr'><strong>etiam</strong></span> <span class='ocrx_word' id='word_1_223' title='bbox 1108 3195 1148 3260; x_wconf 86' lang='lat' dir='ltr'><strong>ab</strong></span> <span class='ocrx_word' id='word_1_224' title='bbox 1171 3194 1349 3261; x_wconf 85' lang='lat' dir='ltr'><strong>auetoribus</strong></span> <span class='ocrx_word' id='word_1_225' title='bbox 1371 3193 1483 3260; x_wconf 89' lang='lat' dir='ltr'><strong>Attieis</strong></span> 
     </span>
     <span class='ocr_line' id='line_1_26' title="bbox 313 3301 1482 3387; baseline -0.003 -20"><span class='ocrx_word' id='word_1_226' title='bbox 313 3301 391 3367; x_wconf 84' lang='lat' dir='ltr'><strong>sutis</strong></span> <span class='ocrx_word' id='word_1_227' title='bbox 423 3321 519 3387; x_wconf 85' lang='lat' dir='ltr'><strong>saepe</strong></span> <span class='ocrx_word' id='word_1_228' title='bbox 551 3308 732 3387; x_wconf 85' lang='lat' dir='ltr'><strong>usurpatum</strong></span> <span class='ocrx_word' id='word_1_229' title='bbox 766 3321 842 3368; x_wconf 90' lang='lat' dir='ltr'><strong>esse.</strong></span> <span class='ocrx_word' id='word_1_230' title='bbox 888 3302 933 3370; x_wconf 80' lang='lat' dir='ltr'><strong>uf.</strong></span> <span class='ocrx_word' id='word_1_231' title='bbox 956 3302 1054 3367; x_wconf 86' lang='lat' dir='ltr'><strong>Thue.</strong></span> <span class='ocrx_word' id='word_1_232' title='bbox 1086 3302 1119 3366; x_wconf 93' lang='grc' dir='ltr'><strong>ΙΙ</strong></span> <span class='ocrx_word' id='word_1_233' title='bbox 1141 3302 1194 3371; x_wconf 88' lang='grc'><strong>49.</strong></span> <span class='ocrx_word' id='word_1_234' title='bbox 1238 3302 1318 3366; x_wconf 78' lang='lat' dir='ltr'><strong>Prae.</strong></span> <span class='ocrx_word' id='word_1_235' title='bbox 1341 3301 1430 3366; x_wconf 89' lang='lat' dir='ltr'><strong>Polit.</strong></span> <span class='ocrx_word' id='word_1_236' title='bbox 1452 3321 1482 3385; x_wconf 91' lang='lat' dir='ltr'><strong>p.</strong></span> 
     </span>
     <span class='ocr_line' id='line_1_27' title="bbox 314 3407 1482 3493; baseline -0.002 -18"><span class='ocrx_word' id='word_1_237' title='bbox 314 3411 381 3475; x_wconf 80' lang='lat'><strong>270</strong></span> <span class='ocrx_word' id='word_1_238' title='bbox 403 3408 438 3475; x_wconf 85' lang='lat' dir='ltr'><strong>E.</strong></span> <span class='ocrx_word' id='word_1_239' title='bbox 483 3409 560 3493; x_wconf 90' lang='lat' dir='ltr'><strong>Rep.</strong></span> <span class='ocrx_word' id='word_1_240' title='bbox 582 3409 615 3473; x_wconf 88' lang='lat' dir='ltr'>X</span> <span class='ocrx_word' id='word_1_241' title='bbox 636 3429 666 3492; x_wconf 89' lang='lat' dir='ltr'><strong>p.</strong></span> <span class='ocrx_word' id='word_1_242' title='bbox 690 3410 755 3475; x_wconf 88' lang='grc'><strong>609</strong></span> <span class='ocrx_word' id='word_1_243' title='bbox 779 3409 819 3473; x_wconf 92' lang='lat' dir='ltr'><strong>D.</strong></span> <span class='ocrx_word' id='word_1_244' title='bbox 863 3408 958 3474; x_wconf 85' lang='lat' dir='ltr'><strong>Arist.</strong></span> <span class='ocrx_word' id='word_1_245' title='bbox 982 3407 1022 3474; x_wconf 90' lang='lat' dir='ltr'><strong>de</strong></span> <span class='ocrx_word' id='word_1_246' title='bbox 1045 3408 1131 3474; x_wconf 91' lang='lat' dir='ltr'><strong>ooelo</strong></span> <span class='ocrx_word' id='word_1_247' title='bbox 1154 3408 1256 3472; x_wconf 83' lang='lat'><strong>1116.</strong></span> <span class='ocrx_word' id='word_1_248' title='bbox 1297 3408 1390 3473; x_wconf 88' lang='lat' dir='ltr'><strong>Isoer.</strong></span> <span class='ocrx_word' id='word_1_249' title='bbox 1414 3408 1482 3473; x_wconf 86' lang='lat'><strong>16.</strong></span> 
     </span>
     <span class='ocr_line' id='line_1_28' title="bbox 313 3513 1479 3598; baseline -0.001 -17"><span class='ocrx_word' id='word_1_250' title='bbox 313 3516 406 3583; x_wconf 85' lang='lat' dir='ltr'><strong>Dion.</strong></span> <span class='ocrx_word' id='word_1_251' title='bbox 436 3515 507 3583; x_wconf 80' lang='lat' dir='ltr'><strong>Hal.</strong></span> <span class='ocrx_word' id='word_1_252' title='bbox 538 3517 624 3580; x_wconf 76' lang='lat' dir='ltr'><strong>Ante.</strong></span> <span class='ocrx_word' id='word_1_253' title='bbox 654 3515 699 3581; x_wconf 88' lang='lat' dir='ltr'><strong>IV</strong></span> <span class='ocrx_word' id='word_1_254' title='bbox 728 3517 780 3582; x_wconf 82' lang='grc'>79.</span> <span class='ocrx_word' id='word_1_255' title='bbox 829 3515 1066 3581; x_wconf 73' lang='lat' dir='ltr'><strong>praeseus.</strong></span> <span class='ocrx_word' id='word_1_256' title='bbox 1111 3514 1250 3580; x_wconf 77' lang='lat' dir='ltr'><strong>Marcell.</strong></span> <span class='ocrx_word' id='word_1_257' title='bbox 1274 3515 1326 3580; x_wconf 89' lang='grc'><strong>24.</strong></span> <span class='ocrx_word' id='word_1_258' title='bbox 1371 3513 1479 3598; x_wconf 89' lang='lat' dir='ltr'><strong>Pyrrh.</strong></span> 
     </span>
     <span class='ocr_line' id='line_1_29' title="bbox 316 3620 1482 3705; baseline -0.003 -17"><span class='ocrx_word' id='word_1_259' title='bbox 316 3622 366 3689; x_wconf 89' lang='grc'>15.</span> <span class='ocrx_word' id='word_1_260' title='bbox 411 3621 481 3688; x_wconf 84' lang='grc' dir='ltr'>Νἰο.</span> <span class='ocrx_word' id='word_1_261' title='bbox 507 3623 557 3687; x_wconf 86' lang='grc'>13.</span> <span class='ocrx_word' id='word_1_262' title='bbox 608 3623 716 3705; x_wconf 85' lang='lat' dir='ltr'><strong>Pomp.</strong></span> <span class='ocrx_word' id='word_1_263' title='bbox 742 3622 792 3686; x_wconf 91' lang='grc'><strong>14.</strong></span> <span class='ocrx_word' id='word_1_264' title='bbox 811 3622 881 3687; x_wconf 88' lang='grc'><strong>49.</strong></span> <span class='ocrx_word' id='word_1_265' title='bbox 926 3622 1003 3689; x_wconf 89' lang='lat' dir='ltr'><strong>Mor.</strong></span> <span class='ocrx_word' id='word_1_266' title='bbox 1025 3640 1055 3705; x_wconf 93' lang='lat' dir='ltr'><strong>p.</strong></span> <span class='ocrx_word' id='word_1_267' title='bbox 1079 3623 1145 3686; x_wconf 91' lang='grc'><strong>610</strong></span> <span class='ocrx_word' id='word_1_268' title='bbox 1167 3622 1203 3686; x_wconf 90' lang='grc' dir='ltr'>Β.</span> <span class='ocrx_word' id='word_1_269' title='bbox 1236 3620 1301 3686; x_wconf 78' lang='grc'>674</span> <span class='ocrx_word' id='word_1_270' title='bbox 1324 3620 1363 3686; x_wconf 87' lang='grc' dir='ltr'>Α.</span> <span class='ocrx_word' id='word_1_271' title='bbox 1407 3621 1482 3685; x_wconf 88' lang='lat' dir='ltr'><strong>Lue.</strong></span> 
     </span>
     <span class='ocr_line' id='line_1_30' title="bbox 313 3728 987 3812; baseline -0.003 -18"><span class='ocrx_word' id='word_1_272' title='bbox 313 3730 372 3796; x_wconf 88' lang='lat' dir='ltr'><strong>Au.</strong></span> <span class='ocrx_word' id='word_1_273' title='bbox 395 3729 447 3797; x_wconf 91' lang='grc'><strong>25.</strong></span> <span class='ocrx_word' id='word_1_274' title='bbox 494 3729 590 3795; x_wconf 82' lang='lat' dir='ltr'><strong>Giem.</strong></span> <span class='ocrx_word' id='word_1_275' title='bbox 612 3728 662 3795; x_wconf 85' lang='lat' dir='ltr'><strong>Al.</strong></span> <span class='ocrx_word' id='word_1_276' title='bbox 685 3729 782 3795; x_wconf 90' lang='lat' dir='ltr'><strong>Protr.</strong></span> <span class='ocrx_word' id='word_1_277' title='bbox 805 3748 835 3812; x_wconf 91' lang='lat' dir='ltr'><strong>p.</strong></span> <span class='ocrx_word' id='word_1_278' title='bbox 858 3728 911 3811; x_wconf 84' lang='lat'><strong>43,</strong></span> <span class='ocrx_word' id='word_1_279' title='bbox 934 3728 987 3792; x_wconf 93' lang='grc'>25.</span> 
     </span>
    </p>
   </div>
   <div class='ocr_carea' id='block_1_8' title="bbox 312 3867 1483 4806">
    <p class='ocr_par' dir='ltr' id='par_1_8' title="bbox 402 3867 1459 3955">
     <span class='ocr_line' id='line_1_31' title="bbox 402 3867 1459 3955; baseline -0.002 -19"><span class='ocrx_word' id='word_1_280' title='bbox 402 3871 463 3936; x_wconf 84' lang='grc' dir='ltr'><strong>Ηίο</strong></span> <span class='ocrx_word' id='word_1_281' title='bbox 485 3870 595 3955; x_wconf 85' lang='lat' dir='ltr'><strong>pausis</strong></span> <span class='ocrx_word' id='word_1_282' title='bbox 618 3868 840 3955; x_wconf 84' lang='lat' dir='ltr'><strong>disputandum</strong></span> <span class='ocrx_word' id='word_1_283' title='bbox 864 3870 922 3935; x_wconf 91' lang='lat' dir='ltr'><strong>erit</strong></span> <span class='ocrx_word' id='word_1_284' title='bbox 948 3868 988 3934; x_wconf 88' lang='lat' dir='ltr'><strong>de</strong></span> <span class='ocrx_word' id='word_1_285' title='bbox 1011 3870 1111 3934; x_wconf 85' lang='lat' dir='ltr'><strong>forma</strong></span> <span class='ocrx_word' id='word_1_286' title='bbox 1133 3869 1173 3934; x_wconf 88' lang='lat' dir='ltr'><strong>ab</strong></span> <span class='ocrx_word' id='word_1_287' title='bbox 1198 3867 1312 3933; x_wconf 84' lang='lat' dir='ltr'><strong>Hofero</strong></span> <span class='ocrx_word' id='word_1_288' title='bbox 1336 3867 1459 3934; x_wconf 84' lang='lat' dir='ltr'><strong>omissa.</strong></span> 
     </span>
    </p>

    <p class='ocr_par' dir='ltr' id='par_1_9' title="bbox 312 3969 1483 4806">
     <span class='ocr_line' id='line_1_32' title="bbox 403 3969 1482 4062; baseline -0.004 -22"><span class='ocrx_word' id='word_1_289' title='bbox 403 3974 577 4058; x_wconf 78' lang='grc' dir='ltr'><strong><em>*μίμονα</em></strong></span> <span class='ocrx_word' id='word_1_290' title='bbox 623 3977 666 4041; x_wconf 91' lang='lat' dir='ltr'><strong>VI</strong></span> <span class='ocrx_word' id='word_1_291' title='bbox 690 3977 734 4042; x_wconf 89' lang='grc'>84</span> <span class='ocrx_word' id='word_1_292' title='bbox 766 3975 892 4052; x_wconf 78' lang='grc' dir='ltr'><strong><em>Σκύθας</em></strong></span> <span class='ocrx_word' id='word_1_293' title='bbox 919 3976 979 4062; x_wconf 78' lang='grc' dir='ltr'><strong>μὰρ</strong></span> <span class='ocrx_word' id='word_1_294' title='bbox 1008 3975 1081 4052; x_wconf 86' lang='grc' dir='ltr'><strong><em>τοὺς</em></strong></span> <span class='ocrx_word' id='word_1_295' title='bbox 1108 3974 1260 4057; x_wconf 83' lang='grc' dir='ltr'><strong><em>νομάδας,</em></strong></span> <span class='ocrx_word' id='word_1_296' title='bbox 1286 3969 1398 4038; x_wconf 79' lang='grc' dir='ltr'><strong><em>ἐπείτε</em></strong></span> <span class='ocrx_word' id='word_1_297' title='bbox 1421 3993 1482 4061; x_wconf 79' lang='grc' dir='ltr'><strong>σφι</strong></span> 
     </span>
     <span class='ocr_line' id='line_1_33' title="bbox 312 4078 1483 4171; baseline -0.003 -24"><span class='ocrx_word' id='word_1_298' title='bbox 312 4085 453 4169; x_wconf 84' lang='grc' dir='ltr'><strong><em>Δαρεῖον</em></strong></span> <span class='ocrx_word' id='word_1_299' title='bbox 484 4079 636 4166; x_wconf 79' lang='grc' dir='ltr'><strong><em>ἐμβαλεῖν</em></strong></span> <span class='ocrx_word' id='word_1_300' title='bbox 667 4080 700 4159; x_wconf 86' lang='grc' dir='ltr'><strong>ἐς</strong></span> <span class='ocrx_word' id='word_1_301' title='bbox 736 4081 793 4167; x_wconf 82' lang='grc' dir='ltr'><strong><em>τὴν</em></strong></span> <span class='ocrx_word' id='word_1_302' title='bbox 826 4081 939 4171; x_wconf 79' lang='grc' dir='ltr'><strong><em>χώρην,</em></strong></span> <span class='ocrx_word' id='word_1_303' title='bbox 972 4082 1055 4163; x_wconf 83' lang='grc' dir='ltr'><strong><em>μετὰ</em></strong></span> <span class='ocrx_word' id='word_1_304' title='bbox 1088 4090 1192 4144; x_wconf 82' lang='grc' dir='ltr'><strong><em>ταῦτα</em></strong></span> <span class='ocrx_word' id='word_1_305' title='bbox 1223 4078 1395 4163; x_wconf 82' lang='grc' dir='ltr'><strong><em>μεμονέναι</em></strong></span> <span class='ocrx_word' id='word_1_306' title='bbox 1426 4104 1483 4162; x_wconf 89' lang='grc' dir='ltr'><strong>μιν</strong></span> 
     </span>
     <span class='ocr_line' id='line_1_34' title="bbox 313 4184 1481 4273; baseline 0.001 -21"><span class='ocrx_word' id='word_1_307' title='bbox 313 4184 480 4253; x_wconf 84' lang='grc' dir='ltr'><strong><em>τίσασθαι.</em></strong></span> <span class='ocrx_word' id='word_1_308' title='bbox 528 4189 579 4254; x_wconf 85' lang='lat' dir='ltr'><strong>Ad</strong></span> <span class='ocrx_word' id='word_1_309' title='bbox 611 4209 693 4272; x_wconf 87' lang='lat' dir='ltr'><strong>quae</strong></span> <span class='ocrx_word' id='word_1_310' title='bbox 724 4189 862 4255; x_wconf 85' lang='lat' dir='ltr'><strong>Steinius</strong></span> <span class='ocrx_word' id='word_1_311' title='bbox 892 4185 1098 4273; x_wconf 68' lang='grc' dir='ltr'><strong>υμεμονέναι,</strong></span> <span class='ocrx_word' id='word_1_312' title='bbox 1131 4187 1330 4272; x_wconf 81' lang='lat' dir='ltr'><strong>Homeriseh3</strong></span> <span class='ocrx_word' id='word_1_313' title='bbox 1362 4187 1413 4253; x_wconf 91' lang='lat' dir='ltr'><strong>bei</strong></span> <span class='ocrx_word' id='word_1_314' title='bbox 1442 4188 1481 4253; x_wconf 92' lang='lat' dir='ltr'><strong>H.</strong></span> 
     </span>
     <span class='ocr_line' id='line_1_35' title="bbox 312 4292 1482 4377; baseline -0.003 -16"><span class='ocrx_word' id='word_1_315' title='bbox 312 4315 371 4361; x_wconf 90' lang='lat' dir='ltr'><strong>nur</strong></span> <span class='ocrx_word' id='word_1_316' title='bbox 394 4295 487 4363; x_wconf 70' lang='lat' dir='ltr'><strong>hier‘.</strong></span> <span class='ocrx_word' id='word_1_317' title='bbox 533 4295 578 4362; x_wconf 79' lang='lat' dir='ltr'><strong>Of.</strong></span> <span class='ocrx_word' id='word_1_318' title='bbox 609 4297 734 4362; x_wconf 88' lang='grc' dir='ltr'>Ε482.</span> <span class='ocrx_word' id='word_1_319' title='bbox 764 4300 808 4358; x_wconf 88' lang='grc' dir='ltr'>Μ</span> <span class='ocrx_word' id='word_1_320' title='bbox 827 4297 901 4363; x_wconf 85' lang='lat'><strong>304.</strong></span> <span class='ocrx_word' id='word_1_321' title='bbox 933 4299 969 4357; x_wconf 92' lang='lat' dir='ltr'><strong><em>N</em></strong></span> <span class='ocrx_word' id='word_1_322' title='bbox 979 4297 1053 4362; x_wconf 75' lang='lat'><strong>307.</strong></span> <span class='ocrx_word' id='word_1_323' title='bbox 1084 4292 1187 4363; x_wconf 64' lang='lat'><strong>588.</strong></span> <span class='ocrx_word' id='word_1_324' title='bbox 1209 4297 1249 4357; x_wconf 87' lang='lat' dir='ltr'><strong><em>H</em></strong></span> <span class='ocrx_word' id='word_1_325' title='bbox 1263 4295 1337 4362; x_wconf 87' lang='grc'>435.</span> <span class='ocrx_word' id='word_1_326' title='bbox 1364 4293 1482 4377; x_wconf 72' lang='lat' dir='ltr'><strong>ursle,</strong></span> 
     </span>
     <span class='ocr_line' id='line_1_36' title="bbox 313 4398 1482 4486; baseline -0.003 -19"><span class='ocrx_word' id='word_1_327' title='bbox 313 4403 387 4469; x_wconf 84' lang='grc'>481.</span> <span class='ocrx_word' id='word_1_328' title='bbox 410 4425 429 4465; x_wconf 91' lang='grc' dir='ltr'><strong><em>υ</em></strong></span> <span class='ocrx_word' id='word_1_329' title='bbox 454 4402 494 4467; x_wconf 92' lang='grc'><strong>15</strong></span> <span class='ocrx_word' id='word_1_330' title='bbox 518 4408 587 4467; x_wconf 88' lang='lat' dir='ltr'><strong>oett.</strong></span> <span class='ocrx_word' id='word_1_331' title='bbox 633 4401 727 4486; x_wconf 82' lang='lat' dir='ltr'><strong>Apud</strong></span> <span class='ocrx_word' id='word_1_332' title='bbox 749 4402 869 4467; x_wconf 79' lang='lat' dir='ltr'><strong>Atticos</strong></span> <span class='ocrx_word' id='word_1_333' title='bbox 900 4403 1028 4467; x_wconf 89' lang='lat' dir='ltr'><strong>uerbum</strong></span> <span class='ocrx_word' id='word_1_334' title='bbox 1058 4407 1141 4466; x_wconf 87' lang='lat' dir='ltr'><strong>oerte</strong></span> <span class='ocrx_word' id='word_1_335' title='bbox 1169 4406 1216 4466; x_wconf 88' lang='lat' dir='ltr'><strong>est</strong></span> <span class='ocrx_word' id='word_1_336' title='bbox 1244 4400 1399 4484; x_wconf 79' lang='lat' dir='ltr'><strong>poeticum</strong></span> <span class='ocrx_word' id='word_1_337' title='bbox 1430 4398 1482 4485; x_wconf 80' lang='lat' dir='ltr'><strong>(ef.</strong></span> 
     </span>
     <span class='ocr_line' id='line_1_37' title="bbox 314 4506 1482 4592; baseline -0.001 -19"><span class='ocrx_word' id='word_1_338' title='bbox 314 4509 428 4575; x_wconf 84' lang='lat' dir='ltr'><strong>Aeseh.</strong></span> <span class='ocrx_word' id='word_1_339' title='bbox 452 4509 536 4592; x_wconf 85' lang='lat' dir='ltr'><strong>Sept.</strong></span> <span class='ocrx_word' id='word_1_340' title='bbox 561 4510 635 4574; x_wconf 82' lang='grc'>669.</span> <span class='ocrx_word' id='word_1_341' title='bbox 671 4508 743 4574; x_wconf 82' lang='grc' dir='ltr'><strong><em>Εσι.</em></strong></span> <span class='ocrx_word' id='word_1_342' title='bbox 766 4509 825 4592; x_wconf 91' lang='lat' dir='ltr'><strong>Iph</strong></span> <span class='ocrx_word' id='word_1_343' title='bbox 857 4510 892 4573; x_wconf 89' lang='grc' dir='ltr'>Τ.</span> <span class='ocrx_word' id='word_1_344' title='bbox 907 4508 983 4575; x_wconf 87' lang='grc'>655.</span> <span class='ocrx_word' id='word_1_345' title='bbox 1014 4508 1082 4592; x_wconf 92' lang='lat' dir='ltr'><strong>Iph.</strong></span> <span class='ocrx_word' id='word_1_346' title='bbox 1105 4509 1143 4575; x_wconf 85' lang='lat' dir='ltr'><strong>A.</strong></span> <span class='ocrx_word' id='word_1_347' title='bbox 1169 4507 1284 4590; x_wconf 67' lang='lat' dir='ltr'><strong>1495p</strong></span> <span class='ocrx_word' id='word_1_348' title='bbox 1307 4506 1482 4573; x_wconf 89' lang='lat' dir='ltr'><strong>Herodotus</strong></span> 
     </span>
     <span class='ocr_line' id='line_1_38' title="bbox 313 4614 1482 4700; baseline -0.003 -19"><span class='ocrx_word' id='word_1_349' title='bbox 313 4635 351 4681; x_wconf 89' lang='lat' dir='ltr'><strong>eo</strong></span> <span class='ocrx_word' id='word_1_350' title='bbox 374 4616 401 4681; x_wconf 89' lang='lat' dir='ltr'><strong>si</strong></span> <span class='ocrx_word' id='word_1_351' title='bbox 423 4614 526 4680; x_wconf 77' lang='lat' dir='ltr'><strong>minus</strong></span> <span class='ocrx_word' id='word_1_352' title='bbox 547 4614 669 4699; x_wconf 91' lang='lat' dir='ltr'><strong>poetioo</strong></span> <span class='ocrx_word' id='word_1_353' title='bbox 693 4634 766 4680; x_wconf 88' lang='lat' dir='ltr'><strong>usus</strong></span> <span class='ocrx_word' id='word_1_354' title='bbox 789 4622 843 4700; x_wconf 79' lang='lat' dir='ltr'><strong>est,</strong></span> <span class='ocrx_word' id='word_1_355' title='bbox 867 4622 1027 4681; x_wconf 87' lang='lat' dir='ltr'><strong>attamen</strong></span> <span class='ocrx_word' id='word_1_356' title='bbox 1051 4614 1186 4696; x_wconf 84' lang='lat' dir='ltr'><strong>antiquo.</strong></span> <span class='ocrx_word' id='word_1_357' title='bbox 1223 4614 1292 4680; x_wconf 88' lang='lat' dir='ltr'><strong>Neo</strong></span> <span class='ocrx_word' id='word_1_358' title='bbox 1310 4632 1385 4678; x_wconf 89' lang='lat' dir='ltr'><strong>uero</strong></span> <span class='ocrx_word' id='word_1_359' title='bbox 1399 4619 1482 4680; x_wconf 87' lang='lat' dir='ltr'><strong>oerto</strong></span> 
     </span>
     <span class='ocr_line' id='line_1_39' title="bbox 314 4720 815 4806; baseline -0.002 -18"><span class='ocrx_word' id='word_1_360' title='bbox 314 4721 442 4788; x_wconf 88' lang='lat' dir='ltr'><strong>oonsilio</strong></span> <span class='ocrx_word' id='word_1_361' title='bbox 464 4721 499 4787; x_wconf 90' lang='lat' dir='ltr'><strong>id</strong></span> <span class='ocrx_word' id='word_1_362' title='bbox 521 4720 645 4787; x_wconf 89' lang='lat' dir='ltr'><strong>uidetur</strong></span> <span class='ocrx_word' id='word_1_363' title='bbox 667 4720 815 4806; x_wconf 86' lang='lat' dir='ltr'><strong>posuisse.</strong></span> 
     </span>
    </p>
   </div>
   <div class='ocr_carea' id='block_1_9' title="bbox 0 0 1750 5358">
    <p class='ocr_par' dir='ltr' id='par_1_10' title="bbox 0 0 1750 5358">
     <span class='ocr_line' id='line_1_40' title="bbox 0 0 1750 5358; baseline 0 0"><span class='ocrx_word' id='word_1_364' title='bbox 0 0 1750 5358; x_wconf 95' lang='lat' dir='ltr'><strong> </strong></span> 
     </span>
    </p>
   </div>
  </div>
 </body>
</html>
