3492 5358
825 479 1049 546 ..46-

350 696 379 776 8,
403 695 455 759 28.
501 692 581 776 V4,
614 694 665 759 23.
711 692 754 759 VI
777 691 807 777 5,
840 692 891 759 25.
937 692 1018 758 Heli.
1040 692 1067 758 V
1091 694 1121 776 4,
1153 693 1436 779 53.·0yr.112,
1469 696 1522 765 30.

349 801 458 882 1113,
482 801 535 866 62.
580 799 978 866 nobistantum.
1022 800 1097 865 Luo.
1120 820 1176 884 pro
1200 800 1299 883 lmag.
1325 802 1374 868 18.
1411 802 1521 883 Itaque

352 906 548 972 recordatum
588 925 656 972 esse
696 905 889 972 Herodotum
928 905 988 971 looi
1027 907 1186 972 Homerici
1228 906 1314 972 haud
1356 908 1403 972 ita
1441 909 1520 973 neri-
1594 999 1597 1002 .

352 1014 454 1079 simile
477 1019 532 1080 est.

437 1154 455 1192 *
479 1152 656 1242 διακριδδν.
695 1156 740 1220 IV
755 1154 797 1220 53
820 1152 922 1236 νόμας
934 1176 970 1217 τε
983 1148 1231 1230 καλλίσταςκαὶ
1246 1152 1524 1236 εδκομιδεστάτας

349 1261 478 1349 κτήνεσι
515 1259 695 1349 παρέχεται
732 1258 788 1325 καί
826 1255 936 1341 ἰχθύας
973 1282 1009 1324 τε
1055 1255 1207 1349 ἀρίστους
1252 1260 1420 1349 διακριδὸν
1464 1260 1521 1326 καί

349 1365 534 1444 πλείστους.
581 1368 694 1434 Steinii
726 1374 773 1433 est
804 1367 981 1433 adnotatio:
1016 1362 1190 1454 “doioroog
1222 1366 1405 1454 διακριδδν,
1438 1369 1520 1434 naoh
1630 1411 1633 1414 -

349 1476 384 1542 ll.
407 1499 431 1555 μ
458 1477 520 1542 103
544 1468 674 1538 είσαντο
698 1472 867 1560 διακριδὸν
889 1464 974 1537 εἶναι
997 1470 1160 1561 άριστοι.“
1206 1473 1297 1552 Quod
1328 1473 1446 1540 dietum
1475 1481 1522 1540 est

349 1580 390 1646 de
414 1581 533 1646 Glaueo
563 1587 594 1647 et
617 1583 818 1664 Asteropaeo.
864 1580 1014 1646 Similiter
1043 1579 1084 1645 de
1106 1581 1182 1645 Ioue
1209 1580 1322 1646 0107
1354 1600 1399 1663 sq.
1423 1578 1523 1669 φησὶν

349 1688 411 1774 γὰρ
434 1684 467 1750 ἐν
491 1685 684 1751 ἀθανάτοισι
708 1689 831 1751 θεοῖσιν
852 1684 965 1774 κάρτει
988 1708 1024 1750 τε
1045 1683 1173 1751 στθένεΐ
1192 1708 1228 1750 τε
1248 1685 1417 1773 διακριδὸν
1439 1677 1522 1750 εἶναι

350 1792 494 1880 δριστος.
540 1794 639 1873 Quem
669 1814 760 1859 usum
781 1793 896 1859 imitati
919 1802 990 1859 snnt
1011 1800 1123 1878 poetae
1146 1792 1364 1876 Anthologiao.
1411 1795 1520 1859 Paullo

350 1901 441 1965 aliter
463 1901 538 1966 Luc.
558 1903 663 1967 Am.3
687 1896 827 1987 λιπαραὶ
851 1898 1057 1986 παλαῖστραι
1080 1894 1215 1981 μέλουσί
1238 1920 1292 1963 σοι
1315 1896 1372 1962 καὶ
1396 1899 1520 1987 φαιδρὰ
1547 1914 1549 1918 ’

348 2005 407 2087 μὲν
439 2003 534 2092 ἐσθὴς
565 2004 660 2095 μέχρι
691 2007 804 2071 ποδῶν
835 2005 891 2092 τὴν
926 2005 1046 2094 τροφὴν
1081 2003 1268 2094 καθειμένη,
1303 2004 1471 2093 διακριδὸν
1494 2005 1520 2070 δ’

349 2110 528 2201 ἠσκημένης
563 2111 665 2201 κόμης
701 2109 885 2194 ἐπιμέλεια.
946 2112 1152 2197 Herodotum,
1197 2132 1267 2178 eum
1309 2112 1349 2178 de
1384 2113 1521 2197 piscibus

348 2225 497 2304 narraret
521 2240 576 2285 our
597 2239 687 2284 usum
709 2240 777 2285 esse
800 2226 943 2304 putemus
964 2220 1119 2286 looutione
1133 2220 1265 2305 poetica,
1288 2240 1350 2285 non
1373 2221 1520 2302 intellego

350 2326 426 2410 (nisi
460 2326 538 2391 forte
575 2346 646 2391 eum
682 2327 820 2392 ioeatum
856 2346 924 2391 esse
961 2332 1132 2391 statuemus
1167 2327 1380 2410 sqamigerum
1423 2346 1520 2409 genus

348 2432 658 2529 Borystheneitarum
681 2453 751 2498 enm
774 2432 824 2497 dis
846 2433 1053 2515 heroibusque
1076 2433 1307 2517 eomparando).

437 2577 544 2642 insero
574 2574 727 2641 aduerbia
757 2574 819 2640 duo
851 2594 934 2657 quae
961 2574 1093 2640 Hoieros
1124 2575 1184 2640 hoo
1215 2576 1283 2641 loeo
1316 2574 1427 2640 affene
1459 2595 1520 2640 non

349 2684 477 2748 curauit.

437 2790 480 2875 (P)
510 2789 528 2826 ’¹‘
560 2784 616 2852 ένι.
663 2789 755 2855 V31
787 2785 874 2873 λέγει
905 2787 990 2875 πρὸς
1018 2787 1074 2851 τὸν
1093 2779 1315 2875 Ἀρταφρένεα
1345 2787 1388 2863 ὡς
1411 2785 1521 2864 Νάξος

349 2890 400 2983 εἴη
421 2907 517 2982 νῆσος
539 2893 673 2979 μεγάθει
695 2892 754 2975 μέν
776 2891 812 2957 οδ
826 2892 958 2984 μεγάλη,
983 2892 1088 2970 ι’ίλλιος
1112 2893 1150 2958 δὲ
1172 2894 1254 2981 καλή
1276 2917 1312 2957 τε
1335 2891 1392 2958 καὶ
1415 2892 1520 2982 άμαθη

347 3000 405 3065 καὶ
437 3000 535 3087 άηχοῦ
563 2993 699 3090 Ἰωνίης,
739 3000 887 3089 χρήματα
920 2999 956 3065 δὲ
988 2996 1034 3065 ἔνι
1074 3000 1183 3064 πολλὰ
1219 2998 1276 3064 καί
1316 2999 1517 3088 ἀνδράποδα.

348 3108 497 3174 Steiniius
526 3107 605 3174 haeo
640 3108 780 3173 adnotat:
816 3104 883 3172 “²s'm
916 3107 997 3174 naoh
1030 3107 1172 3191 episoher
1202 3108 1307 3174 Weise
1342 3141 1381 3161 =
1415 3102 1520 3170 ἔνεστι

348 3215 378 3301 (Ι
404 3216 476 3298 181,
502 3217 577 3293 183,
601 3216 674 3281 207,
712 3216 745 3280 ll
770 3215 842 3294 155,
868 3215 940 3282 156.
963 3213 1126 3300 711112),
1149 3214 1210 3280 wie
1232 3211 1317 3295 μέτα
1339 3212 1520 3301 (vurta),

348 3319 441 3407 πάρα
471 3322 508 3403 (o.
533 3322 605 3387 106.
637 3321 714 3386 VIll
737 3323 779 3387 68
802 3320 846 3408 β).
891 3322 950 3386 Bei
972 3321 1120 3386 Attikorn
1149 3340 1207 3385 nur
1229 3320 1309 3387 nooh
1332 3320 1520 3406 impersonal

351 3426 403 3514 [=
427 3426 496 3493 fieri
518 3425 658 3513 potest].“
685 3428 845 3511 Ambigua
868 3434 939 3492 sunt
960 3428 1063 3511 prima
1085 3428 1145 3492 uiri
1168 3427 1252 3493 ‹looti
1274 3429 1379 3492 uerba.
1416 3425 1519 3504 Quod-

347 3535 375 3600 si
407 3534 513 3600 dioere
544 3534 642 3599 uoluit
677 3534 833 3599 imitatum
872 3555 940 3600 esso
972 3534 1164 3600 Herodotum
1196 3534 1229 3598 in
1260 3554 1318 3599 usu
1349 3534 1436 3599 noeis
1473 3527 1521 3596 iio

347 3647 509 3725 poetarum
539 3660 728 3725 sermonem,
764 3641 824 3707 hoo
855 3642 907 3707 uel
936 3642 1004 3724 ipso
1043 3641 1253 3724 exemplorum
1286 3660 1413 3705 numero
1444 3645 1519 3724 puto

348 3748 526 3832 improbari.
574 3748 632 3831 (of.
656 3748 806 3838 conferas
829 3754 935 3815 tamon
957 3746 990 3813 Ξ
1012 3750 1083 3816 141.
1117 3751 1146 3810 Σ
1166 3749 1218 3814 53.
1253 3751 1283 3810 Y
1302 3749 1375 3813 248.
1409 3749 1519 3813 1126.

350 3874 370 3917 σ
393 3854 467 3921 355.
491 3878 517 3943 φ
539 3855 628 3941 288).
673 3857 777 3937 Atque
800 3856 897 3920 etiarn
918 3852 1003 3937 μέτα
1026 3861 1058 3920 et
1079 3852 1182 3942 πάρα,
1207 3873 1396 3937 quamquam
1419 3854 1520 3919 rarius

348 3960 555 4046 inueniuntur,
578 3962 720 4045 volgaria
743 3962 906 4027 etiamtum
928 3963 1023 4027 fuisse
1045 3967 1120 4046 puto
1143 3967 1268 4046 propter
1285 3959 1520 4026 similitudinem

349 4068 493 4134 Ceterum
525 4067 609 4151 quod
642 4068 682 4134 do
721 4068 771 4133 his
802 4068 906 4134 uerbis
938 4089 999 4151 ago
1030 4068 1091 4134 hoo
1122 4069 1206 4152 loeo,
1242 4068 1398 4133 neminem
1429 4087 1519 4152 spero

348 4174 596 4257 uituperaturum
619 4194 702 4258 esse,
733 4195 807 4240 narn
829 4174 913 4256 quod
936 4175 1095 4239 uerbalem
1119 4175 1213 4258 plane
1236 4175 1301 4239 uim
1324 4180 1519 4259 aeceperunt,

349 4280 408 4345 hoo
430 4280 566 4363 quodam
589 4281 734 4365 ellipseos
764 4301 878 4365 genere
909 4282 1025 4347 laetum
1057 4287 1103 4346 est
1157 4282 1207 4346 De
1230 4286 1360 4346 aooentu
1383 4281 1518 4363 ambigo.

437 4422 454 4457 ’¹‘
477 4411 496 4485 ί
518 4422 558 4511 δη
574 4455 613 4477 =
629 4424 694 4488 iam
708 4425 852 4509 profecte.
888 4426 981 4490 V92
1005 4422 1040 4510 α)
1063 4415 1083 4512 ἦ
1110 4422 1148 4509 δὴ
1173 4422 1191 4487 δ
1212 4445 1248 4487 τε
1271 4414 1401 4510 α’ίρανος
1423 4416 1519 4486 ἔσται
1645 4471 1649 4480 .

349 4522 452 4617 ἔνερθε
484 4540 541 4616 τῆς
572 4540 629 4616 γῆς
660 4528 735 4597 κτλ’.
788 4531 902 4615 lnoipit
933 4531 1032 4597 oratio
1065 4531 1165 4596 Soolis
1198 4530 1370 4599 Corinthii..
1408 4529 1519 4596 Steinii

349 4637 444 4705 etiam
475 4636 528 4703 hio
559 4656 684 4721 appono
706 4638 817 4704 uerba:
852 4627 894 4727 “r}
918 4637 967 4724 δή,
999 4636 1193 4703 Homerisoh.
1223 4635 1259 4701 ΙΙ.
1291 4660 1313 4698 α
1336 4636 1398 4701 571
1434 4624 1519 4724 ἢδη
