3492 5358
753 496 976 561 ..68-

281 706 456 787 ovenses,
490 704 593 795 πέρην
615 715 674 771 τοῦ
701 698 850 794 Ἀράξεω
877 715 1032 788 ποταμοῦ
1061 700 1171 770 ἀντίον
1200 701 1238 770 ll
1265 697 1453 792 Ἰσσηδόνων

281 813 413 902 ἀνδρῶν.
459 814 512 881 sd
534 832 616 896 quse
638 813 698 878 illa
717 814 855 880 Sleinius
877 813 1012 879 monuit:
1038 804 1233 902 ,ξΙσσηδόνες
1254 809 1377 899 ἂνδρες,
1401 812 1453 878 eiu

280 919 456 1007 poetiseher
478 918 661 1004 Ausdruolu3
692 920 731 987 H.
753 920 803 985 las
830 918 886 986 ihu
908 917 1209 985 wshmeheinliuh
1199 939 1233 984 m
1262 916 1325 985 deu
1346 937 1455 1002 sogen.

276 1021 493 1115 Ἀριμάσπεα
515 1026 573 1093 des
593 1025 787 1092 labellsslleu
801 1025 951 1106 Aristeas,
974 1025 1077 1092 denen
1092 1045 1125 1092 er
1138 1024 1225 1091 seius
1239 1025 1457 1092 Nsehriohleu

280 1135 357 1202 uber
389 1132 442 1200 die
473 1132 644 1202 Issedoueu
676 1131 816 1199 enllehul
846 1129 1208 1219 hatt(IV13--“.16)
1269 1130 1361 1211 spos
1391 1152 1454 1198 non

280 1240 387 1306 multis
408 1245 482 1325 puto
505 1240 701 1325 probatum
691 1240 740 1306 uri.
776 1238 842 1306 Sed
864 1238 990 1305 uidetur
1012 1238 1073 1305 hoo
1094 1257 1115 1305 e
1135 1238 1303 1305 uetustiore
1326 1237 1454 1306 dieendi

280 1347 402 1414 ratione
438 1345 556 1413 dietum
592 1366 676 1431 esse,
719 1344 868 1429 quonism
909 1346 1038 1411 nomine
1072 1327 1272 1431 populorum,
1315 1345 1454 1430 politius,

281 1453 439 1520 dometius
477 1453 552 1519 olim
590 1452 817 1520 adieoliuorum
855 1453 921 1518 nim
958 1451 1104 1519 uidentur
1141 1451 1296 1520 habuisse.
1350 1452 1455 1535 Atque

280 1559 342 1626 hoo
363 1556 491 1642 quidem
520 1560 591 1626 loon
621 1559 689 1625 siue
711 1560 774 1625 ullo
804 1560 935 1625 oonsilio
956 1557 1133 1625 Herodotus
1164 1577 1235 1624 esm
1266 1558 1454 1625 loouliouens

281 1672 328 1732 esi
359 1665 534 1750 amplexus:
564 1671 675 1733 eontra
696 1664 730 1733 iu
760 1666 809 1731 IX
838 1668 877 1732 17
911 1663 995 1729 ἀλλὰ
1024 1662 1158 1747 μαθέτω
1188 1686 1241 1740 τις
1272 1661 1378 1728 αι’πῶν
1401 1661 1454 1728 ὅτι

282 1769 388 1848 ἐόντες
409 1769 571 1859 βάρβαροι
593 1768 647 1835 ἐπ’
664 1764 816 1861 Ἓλλησιν
845 1769 985 1859 ἀνδράσι
1015 1769 1113 1861 φόνον
1135 1764 1281 1859 ἔρραψαν
1308 1771 1455 1837 extollere

281 1877 368 1944 haud
405 1877 499 1943 dubie
535 1877 633 1944 uoluit
668 1878 850 1944 orationem.
907 1878 979 1944 Hue
1013 1870 1168 1963 peutinenl
1209 1877 1305 1943 etiam
1341 1874 1453 1963 ἄνδρες

273 1974 390 2062 Ἴωνες,
414 1980 527 2071 ἄνδρες
541 1975 724 2074 Ἀθηναῖοι,
757 1985 873 2051 similia
895 1985 1032 2068 quaein
1054 1983 1262 2070 emtionibus,
1284 1984 1452 2070 praecipue

281 2091 315 2157 in
332 2090 440 2176 initiis,
462 2097 534 2156 sunl
555 2091 709 2175 uolgaria.

372 2221 512 2320 οἶστρος.
566 2233 600 2299 Π
626 2234 670 2299 93
722 2229 825 2297 ἐπεάν
855 2251 958 2320 σφεας
989 2227 1058 2320 ἐςίρ
1088 2222 1218 2319 οἶστρος
1251 2227 1453 2309 κυΐσκεσθαι,

283 2337 439 2428 ἀγεληδὸν
461 2336 664 2404 ἒκπλώοοσιν
686 2336 720 2416 ἐς
743 2337 922 2405 θάλασσαν.
964 2339 1117 2406 Stsiuius:
1146 2329 1295 2426 „uisuque
1314 2338 1454 2423 poetiselu

242 2466 245 2471 ⁴
282 2446 333 2511 lilr
354 2439 541 2534 ἐπιθομίη“.
588 2446 634 2512 ef.
662 2445 759 2530 Soph.
781 2445 896 2512 Traoh.
922 2446 1016 2513 1244.
1044 2446 1116 2511 Aul
1146 2446 1220 2513 989.
1265 2446 1338 2511 uer.
1359 2444 1455 2528 Hipp.

286 2553 380 2620 1300.
426 2552 479 2619 On.
504 2553 577 2620 789.
623 2552 738 2618 Anser.
759 2550 870 2617 XXXI
901 2553 955 2619 28.
999 2551 1139 2636 1315,
1170 2550 1227 2617 sed
1255 2552 1353 2617 eliam
1373 2552 1453 2619 Plus.

282 2656 418 2725 Phaedr.
441 2679 471 2744 p.
494 2659 561 2725 240
584 2658 623 2726 D.
659 2659 736 2743 Rep.
759 2660 807 2724 IX
828 2678 859 2743 p.
883 2658 946 2725 577
971 2660 1007 2724 ll
1042 2657 1220 2724 Herodotus
1242 2657 1371 2741 quidem
1393 2677 1454 2741 quo

283 2766 413 2832 oonsilio
448 2766 589 2850 posuisse
625 2766 755 2831 uerbum
790 2764 947 2850 poetioum
983 2765 1024 2831 sit
1059 2763 1232 2849 putandus,
1276 2764 1454 2849 perspioeue

282 2890 413 2953 nequeo.
424 2870 446 2941 ¹)
487 2873 586 2937 lmmo
610 2870 768 2954 quaedam
790 2870 944 2937 naturalis
966 2891 1017 2937 res
1038 2891 1097 2937 suu
1116 2891 1194 2937 uooe
1216 2871 1257 2936 ab
1280 2891 1318 2937 oo
1332 2870 1455 2937 uidetur

220 3018 223 3024 -
284 2975 463 3060 signifieeri.

372 3084 442 3148 Iam
464 3103 538 3150 uero
562 3083 603 3151 de

701 3267 1046 3343 luluoulms

283 3418 440 3486 nonnullis
462 3420 604 3502 quaestio
626 3420 818 3487 instituenda
840 3427 895 3488 ess

374 3556 519 3646 ἄτρυτος.
573 3561 621 3625 IX
653 3560 695 3626 52
732 3569 836 3624 ταῦτα
870 3558 1122 3644 βουλευσάμενος
1157 3557 1263 3650 κείνην
1300 3558 1360 3642 μὲν
1398 3561 1456 3649 τὴν

285 3663 402 3754 ἡμέρην
430 3668 545 3730 πᾶσαν
573 3665 807 3756 προςκειμένης
835 3677 893 3754 τῆς
925 3667 1035 3732 ἵππου
1066 3659 1151 3747 εἶχον
1179 3666 1280 3732 πόνον
1311 3665 1454 3756 liumus.

284 3771 323 3836 Id
346 3788 469 3854 quoque
490 3773 678 3838 uocabulum
707 3774 863 3858 poeticum
892 3793 960 3840 esse
992 3774 1128 3840 affirmat
1149 3773 1302 3858 Steinius,
1333 3774 1456 3840 oollatis

284 3878 389 3943 uerbis
410 3896 492 3960 quae
514 3884 586 3945 suut
606 3880 640 3945 iu
661 3879 752 3947 Pinu
774 3880 865 3965 Pylh.
887 3881 933 3946 IV
957 3882 1019 3947 178
1042 3878 1159 3962 πέμπε
1178 3874 1298 3967 Ἑρμᾶς
1312 3920 1354 3930 -
1368 3873 1456 3957 υἱοὺς

287 3981 340 4047 ἐπ
364 3981 499 4070 ἄπρατον
520 3983 630 4050 πόνον.
667 3986 785 4052 Uooem
808 3986 958 4053 rariorem
980 3985 1105 4053 uidetur
1117 3987 1258 4072 posuisse
1271 3984 1456 4067 Herodotus,

285 4108 346 4172 quo
368 4090 472 4156 maius
494 4096 576 4157 esset
597 4091 719 4176 pondus
740 4092 897 4176 orationis,
920 4113 982 4159 non
1005 4099 1040 4158 ut
1052 4113 1124 4160 esm
1139 4094 1261 4178 poeiioo
1274 4099 1456 4160 omsmeulo

285 4197 457 4263 instruemt.
502 4198 620 4264 Uerum
649 4204 754 4263 lamen
787 4204 833 4265 est
859 4200 988 4265 uerbum
1024 4199 1089 4266 fere
1117 4200 1183 4283 legi
1216 4200 1340 4265 nonnisi
1370 4198 1455 4284 apud

376 4395 398 4458 ¹)
417 4391 549 4447 Primitus
566 4408 622 4448 uox
639 4393 714 4448 idem
732 4392 789 4449 fore
807 4394 884 4449 ualet
902 4395 977 4464 quod
994 4400 1119 4449 nostrum
1144 4394 1222 4463 Boiu,
1241 4394 1340 4450 Xiluel.
1377 4394 1457 4450 Telis

285 4494 341 4534 nou
359 4485 424 4534 sunu
441 4480 550 4549 poeties
572 4496 662 4549 neque
686 4486 779 4536 tamen
804 4499 821 4537 a
845 4487 990 4552 poetarum
1014 4483 1139 4537 oratione
1164 4482 1274 4537 omuino
1300 4482 1456 4538 abhorrent.

286 4565 357 4624 eum
381 4584 492 4638 quoque
517 4568 651 4624 eiusmodi
676 4585 748 4639 quse
772 4571 801 4625 iu
826 4586 950 4626 sermons
977 4571 1084 4626 urbano
1110 4572 1247 4637 uitentur,
1274 4572 1302 4627 in
1329 4571 1456 4627 uersibus

287 4662 380 4712 sulem
398 4657 508 4712 minime
526 4657 670 4715 offendant
687 4659 820 4727 legentes.
856 4659 898 4715 ef.
919 4676 966 4727 „es
979 4659 1063 4732 jflolut
1080 4659 1178 4717 mioh“.
