3492 5358
744 449 967 514 ..65-

271 663 382 728 Ionum
414 660 582 748 uolgari),
617 674 810 743 quamquam
845 660 982 727 concedo
1018 680 1059 729 ea
1089 679 1171 742 quac
1202 665 1273 725 sunt
1301 659 1334 725 in
1364 660 1444 726 Piat.

271 770 415 853 Epinorn
437 789 468 853 p.
493 770 558 835 992
581 770 609 833 Β
632 766 689 852 τὴν
712 767 810 830 αὑτοῦ
831 768 948 853 μοῖραν
970 764 1154 852 ἀναπλήσει
1181 765 1347 833 referenda
1375 785 1445 832 esse

271 875 403 940 fortasse
425 874 469 939 ad
490 873 698 940 imitationem
720 874 929 941 Homericam.

361 1017 450 1099 θυμῷ
473 1013 642 1097 βούλομαι.
687 1015 772 1080 V49
796 1007 869 1078 iiras
892 1010 930 1077 δὲ
952 1010 1009 1077 καὶ
1032 1011 1138 1097 ἀγαθὰ
1160 1015 1250 1077 τοῖσι
1273 1012 1330 1098 τὴν
1352 1009 1444 1099 ἤπει-
1479 1022 1481 1028 “

272 1144 326 1209 ρον
348 1115 468 1209 ἐκείνην
497 1117 719 1202 νεμομένοισιν
749 1118 810 1184 ὅσα
840 1117 914 1183 οὐδὲ
943 1121 1053 1212 τοῖσιν
1074 1117 1258 1183 aerumnoso
1285 1116 1442 1197 ἄλλοισιν,

273 1225 344 1290 ἀπὸ
364 1235 482 1314 χρυσοῦ
505 1223 748 1314 ἀρξαμένοισιν,
774 1223 908 1313 ἄργυρος
929 1223 987 1289 καὶ
1006 1224 1127 1305 χαλκὸς
1156 1223 1212 1289 καὶ
1243 1223 1339 1310 ἐσθὴς
1369 1246 1444 1288 ποι-

271 1328 346 1419 κίλη
377 1330 434 1396 καὶ
465 1331 625 1417 ὑποζύγιά
657 1355 693 1396 τε
724 1328 782 1397 καὶ
816 1329 1026 1418 ἀνδράποδα·
1060 1332 1102 1395 τὰ
1135 1335 1225 1416 θυμῷ
1255 1328 1444 1415 βουλόμενοι

272 1436 364 1505 αὐτοὶ
389 1436 429 1502 δν
452 1432 566 1519 aporos.
611 1440 660 1504 Hx
682 1439 822 1504 oratione
851 1444 924 1504 sunt
945 1439 1157 1521 Aristagorae.
1203 1436 1340 1504 Steinius
1363 1438 1443 1503 haee

272 1545 450 1611 adnotauit:
482 1548 591 1630 „Ovpp'i
621 1543 823 1628 βουλόμενοι,
863 1544 946 1611 nach
983 1545 1056 1610 dem
1088 1543 1313 1610 Homerischen
1351 1539 1445 1630 ἤθελε

272 1653 371 1736 θυμῷ,
403 1652 471 1736 „ihr
492 1651 577 1717 sitirit
605 1672 665 1717 nur
694 1668 768 1718 euer
790 1651 956 1736 Begehren
984 1651 1043 1716 auf
1068 1651 1156 1717 diese
1179 1651 1286 1733 Dinge
1314 1649 1444 1733 richten,

270 1779 306 1824 so
329 1758 401 1823 sind
423 1759 469 1823 sie
491 1759 591 1824 euer“.
637 1757 880 1831 concedendum
903 1763 950 1823 est
972 1758 1132 1840 singulare
1153 1756 1274 1839 aliquid
1295 1757 1397 1822 inesse
1410 1757 1445 1821 in

272 1864 413 1948 apposito
437 1863 544 1929 datius
567 1867 658 1948 θυμῷ
680 1870 713 1929 et
734 1866 905 1930 orationem
928 1864 1003 1930 inde
1025 1865 1159 1929 colorem
1173 1862 1332 1946 quendam
1349 1884 1443 1929 nanc

271 1976 337 2035 tam
360 1989 428 2036 esse
451 1969 479 2034 si
500 1969 604 2035 minus
625 1971 782 2054 poeticum
804 1977 838 2035 at
860 1969 1056 2036 rhetoricum
1101 1969 1185 2035 Illud
1213 1990 1288 2036 nero
1318 1970 1443 2034 demon-

271 2076 364 2141 strari
386 2075 494 2158 nequit
516 2075 709 2140 Herodotum
731 2075 927 2147 recordatum
949 2095 1020 2142 esse
1042 2095 1116 2141 usus
1138 2075 1223 2141 iilius
1236 2076 1395 2141 Homerici
1412 2080 1444 2140 et

163 2208 166 2213 ⁴
271 2181 459 2249 imitandum
479 2201 553 2247 eum
574 2181 635 2247 sihi
657 2182 861 2266 proposuisse.

361 2321 419 2388 His
442 2322 482 2388 de
511 2323 733 2407 particulis
762 2343 922 2408 perpauca
951 2329 1023 2389 sunt
1053 2323 1210 2391 addenda.
1255 2323 1347 2402 Quod
1375 2342 1443 2407 per-

270 2429 349 2495 tinet
370 2426 414 2493 ad

612 2629 1105 2721 GONIUNGTIONHS,

272 2782 313 2849 de
335 2777 374 2846 αἲ
393 2782 455 2870 γὰρ
475 2783 625 2848 nonnulla
645 2783 793 2849 uidentur
813 2780 950 2850 dicenda
972 2804 1049 2851 esse.
1094 2784 1224 2866 Legitur
1245 2783 1279 2849 in
1302 2785 1319 2849 I
1341 2782 1382 2850 27
1408 2779 1449 2847 αἲ

273 2889 334 2977 γὰρ
364 2898 460 2954 τοῦτο
497 2887 566 2954 θεοὶ
600 2889 776 2977 ποιήσειαν
811 2886 871 2953 ἐπὶ
904 2889 977 2954 νόον
1012 2889 1208 2978 spartianum
1243 2886 1347 2953 ἐλθεῖν
1381 2886 1442 2953 ἐπὶ

272 2995 396 3062 Λυδῶν
425 2995 554 3073 παῖδας
578 2996 633 3059 σὺν
663 2995 832 3060 ἵπποισιν.
879 2997 985 3063 Uerha
1006 2997 1124 3063 Croesi.
1173 2996 1325 3063 Sicinius:
1356 2997 1444 3081 „Das

273 3103 400 3188 epische
430 3098 471 3166 αἲ
495 3100 557 3190 γὰρ
588 3122 646 3168 nur
677 3101 772 3168 hier“.
815 3104 930 3168 Totam
959 3104 1131 3168 orationem
1159 3101 1276 3185 insigni
1306 3100 1443 3185 quodam

271 3207 411 3294 pondere
441 3211 606 3275 uerborum
638 3229 706 3275 esse
744 3215 958 3294 comparatam
997 3215 1136 3295 apparet.
1191 3209 1307 3275 Nescio
1339 3215 1444 3274 autem

272 3336 313 3381 an
343 3314 520 3381 Herodotus
548 3316 652 3381 minus
680 3316 778 3381 libere
812 3317 845 3380 in
875 3316 924 3381 his
954 3322 1111 3381 auctorem
1141 3335 1245 3400 suum,
1281 3316 1444 3380 Xanthum

270 3426 345 3506 puto
360 3420 512 3507 Lydium,
535 3420 576 3486 sit
598 3427 729 3489 secutus.
774 3423 859 3487 Nam
881 3423 979 3488 uerba
1001 3423 1058 3486 ilia
1079 3422 1209 3504 quidem
1230 3420 1353 3487 Λυδῶν
1366 3423 1444 3484 παῖ-

272 3527 341 3607 δας,
365 3527 454 3613 „elne
478 3527 732 3608 alteriumliehe“,
762 3535 797 3593 ut
826 3529 871 3593 ait
900 3529 1048 3613 Steinius,
1076 3528 1356 3614 „wahrscheinlieh
1386 3548 1443 3593 aus

227 3715 229 3719 Ι
272 3632 345 3700 dem
366 3632 494 3700 Oriente
517 3633 674 3700 entlehnte
696 3633 1002 3720 Ausdrnoksweise“,
1034 3636 1165 3701 fortasse
1188 3654 1227 3700 ex
1249 3635 1317 3719 ipso
1339 3633 1442 3720 Lydo

271 3760 340 3805 rum
363 3739 490 3807 dicendi
513 3760 571 3806 usu
594 3740 703 3825 (simili
725 3740 895 3828 Hebraico)
917 3747 996 3827 sunt,
1020 3762 1113 3824 quem
1125 3742 1292 3807 Xanthum
1315 3761 1442 3806 accura-

271 3848 332 3913 tius
354 3866 450 3929 quam
463 3846 611 3913 Nostrum
634 3846 781 3914 habuisse
804 3848 963 3932 cognitum
985 3850 1053 3914 ueri
1075 3849 1176 3915 simile
1199 3848 1330 3915 uidetur.
1364 3848 1443 3915 Gon-

271 3953 354 4019 ieras
375 3962 482 4020 tamen
504 3954 555 4019 111
577 3956 619 4019 21
643 3949 823 4019 Αἱθίαννων
844 3952 948 4019 παισὶ
976 3956 1026 4043 (in
1048 3955 1187 4020 oratione
1210 3955 1294 4038 regis
1316 3954 1443 4020 Aethio·

270 4059 367 4146 pum),
389 4062 417 4127 V
439 4061 483 4126 49
502 4052 618 4124 Ἰώνων
639 4059 766 4137 παῖδας
788 4060 835 4148 (in
857 4062 997 4127 oratione
1019 4062 1244 4146 Aristagorae),
1268 4062 1323 4148 (tu
1348 4063 1444 4125 Boto-

271 4174 335 4229 τῶν
366 4163 424 4251 aa)
452 4163 703 4233 Χαλκιδέων...
733 4167 856 4243 παῖδες
890 4168 924 4232 in
953 4167 1154 4252 inscriptione
1183 4166 1443 4251 Atheniensium).

361 4342 383 4412 ¹)
400 4340 651 4398 Animaduersione
677 4342 793 4412 dignum
820 4343 894 4413 apud
912 4342 1078 4412 Homerum,
1103 4340 1153 4399 ubi
1179 4341 1372 4411 ἀναπίμπλημι
1399 4349 1443 4398 est

273 4451 305 4480 =
330 4429 487 4502 (per-)fero‚
515 4447 623 4501 semper
648 4431 784 4486 adiectam
813 4447 874 4486 esse
900 4431 965 4486 mali
990 4431 1233 4501 significationem:
1270 4448 1334 4486 nam
1369 4432 1444 4502 apud

270 4518 444 4575 Herodotum
457 4520 568 4575 esiam
585 4536 641 4576 non
659 4520 771 4575 uidetur
788 4534 849 4575 esse
867 4536 953 4590 opus,
979 4520 1029 4576 sed
1047 4519 1188 4576 sufficiunt
1204 4520 1342 4590 quaedam
1360 4535 1443 4574 uoces

270 4608 378 4667 melite
396 4605 479 4680 (τάδε,
497 4607 587 4679 πλέον).
899 4620 901 4625 ’

1266 4715 1284 4771 5
