3492 5358
809 489 1033 556 ..34-

334 705 447 772 uideas
481 704 545 772 (iic.
578 704 630 771 Or.
655 707 707 770 20.
731 703 797 787 67),
824 703 980 788 poeticum
1017 702 1076 769 hoc
1112 723 1277 788 usurpasse
1312 703 1516 771 uocabulum.

336 812 402 879 Sed
430 812 550 878 maiore
580 813 648 877 iure
678 818 801 895 poterat
832 810 1007 895 comparari
1038 809 1189 876 adiectiui
1222 808 1405 891 ἀποθύμιος
1434 831 1516 877 usus

337 919 521 984 Homericus
544 924 575 984 et
597 917 800 1001 Herodoteus,
823 917 972 999 quoniam
995 916 1055 982 hoc
1077 916 1164 1000 apud
1185 922 1348 999 utrumque
1371 917 1516 983 ostendit

336 1025 371 1090 id
394 1024 478 1108 quod
501 1025 552 1091 cui
574 1026 732 1107 ingratum
755 1029 809 1089 est.
854 1023 915 1089 VlI
940 1024 1003 1088 168
1036 1020 1093 1086 οὐκ
1122 1020 1321 1109 ἠθελήσαμέν
1349 1045 1403 1087 τοι
1425 1021 1515 1087 ἐναν-

341 1134 493 1196 τιοῦσθαι
518 1128 593 1196 οὐδέ
622 1154 656 1194 τι
687 1128 871 1209 ἀποθύμιον
899 1139 1050 1215 ποιησαι.
1096 1129 1202 1195 Uerba
1231 1148 1312 1211 quae
1342 1130 1513 1215 Corcyraei

336 1244 503 1304 narrantur
533 1238 647 1305 dicturi
676 1237 789 1319 fuisse,
821 1236 849 1300 si
878 1236 999 1300 Xerxes
1027 1236 1126 1301 uictor
1155 1235 1347 1302 decessisset.
1391 1234 1510 1305 5261

337 1344 433 1424 δίζετο
463 1344 524 1432 γὰρ
553 1345 599 1431 μη)
631 1340 736 1406 Νυκτὶ
766 1345 824 1428 θοῇ
854 1340 1024 1423 ἀποθύμια
1053 1337 1151 1429 ἔρδοι.
1197 1343 1331 1426 Saepius
1358 1349 1512 1407 aneutro

336 1453 471 1537 positum
503 1458 565 1517 est:
598 1449 663 1516 sed.
694 1450 730 1516 cf.
764 1450 838 1518 Hes.
862 1448 941 1532 Opp.
965 1450 1039 1516 712.
1084 1449 1201 1514 Simon.
1224 1450 1294 1516 Am.
1326 1450 1362 1515 ir.
1393 1449 1427 1514 II
1457 1450 1512 1516 35.

339 1559 462 1641 Negoti
484 1558 582 1640 igitur
603 1556 758 1622 uocabula
786 1553 970 1636 ἀποθύμιος
1000 1561 1031 1620 et
1062 1554 1261 1635 καταθύμιος
1291 1574 1359 1620 esse
1389 1555 1416 1619 si
1447 1575 1512 1620 non

336 1665 476 1749 poetica,
508 1669 646 1729 atcerte
669 1662 870 1744 exquisitiora
893 1661 980 1726 haud
1002 1681 1079 1727 sane
1100 1667 1216 1745 potest:
1248 1681 1308 1727 nec
1337 1669 1442 1728 tamen
1471 1682 1511 1727 ex

337 1790 396 1837 usu
420 1790 527 1836 eorum
550 1789 601 1834 ars
625 1770 728 1851 magis
750 1788 844 1851 quam
867 1768 1029 1850 ingenium
1051 1768 1237 1851 perspicitur
1258 1767 1416 1834 Herodoti.

427 1928 606 2018 κερτόμιος.
652 1929 680 1994 V
704 1930 745 1994 83
771 1922 976 2014 ἱδρυσάμενοι
1001 1925 1038 1991 δέ
1060 1926 1093 1991 έν
1115 1928 1219 2012 τούτῳ
1241 1931 1288 2012 τῷ
1309 1926 1403 2016 χώρην
1426 1921 1510 1991 θυσί-

338 2031 394 2124 ησί
416 2059 452 2099 τε
472 2033 557 2123 σφέα
571 2033 630 2099 καί
641 2037 766 2123 χοροῖσι
781 2030 997 2124 γυναικηίοισι
1020 2029 1316 2122 κερτομίοισιν
1331 2027 1508 2112 ἱλάσκοντο,

338 2151 480 2231 χορηγῶν
503 2140 784 2223 ἀποδεικνυμένων
813 2135 948 2228 ἑκατέρῃ
977 2149 1040 2204 τῶν
1071 2138 1232 2222 δαιμόνων
1264 2139 1342 2204 δέκα
1372 2139 1509 2227 ἀνδρῶν·

338 2258 473 2326 κακῶς
498 2246 535 2312 δέ
557 2247 752 2336 ἠγόρευον
775 2242 807 2311 ολ
827 2246 918 2334 χοροὶ
941 2244 1041 2334 ἀνδρα
1063 2244 1122 2328 μέν
1145 2244 1268 2325 οὐδένα,
1298 2245 1357 2323 τάς
1382 2244 1419 2310 δέ
1441 2243 1511 2309 έπι-

337 2351 457 2442 χωρίας
481 2357 641 2439 γυναῖκας.
688 2356 842 2421 Homerus
864 2355 993 2420 uerbum
1021 2360 1076 2418 aut
1097 2354 1185 2418 iuxta
1207 2347 1291 2417 ἔπεα
1313 2354 1401 2438 ponit
1424 2355 1468 2441 (Δ
1482 2356 1512 2420 6.

340 2465 369 2526 Ε
391 2464 465 2529 419.
491 2485 516 2524 ω
539 2459 619 2549 240)
652 2468 706 2526 aut
729 2462 842 2526 omisso
870 2458 1063 2526 substantiuo
1086 2459 1243 2546 κερτόμια
1266 2461 1405 2544 appellat
1427 2460 1513 2544 ipsas

340 2570 499 2635 irrisiones
522 2568 576 2655 (A
599 2570 672 2635 539.
697 2592 710 2631 ι
733 2570 807 2635 474.
830 2592 848 2631 υ
874 2565 960 2651 177).
1007 2567 1122 2632 Contra
1144 2567 1178 2630 in
1200 2566 1305 2651 hymn.
1328 2567 1423 2632 Mene.
1445 2567 1510 2631 338

340 2673 496 2762 κέρτομος
519 2676 638 2763 (fallax,
661 2673 791 2763 procax)
819 2674 863 2740 ad
891 2676 994 2759 ipsum
1016 2674 1205 2739 Mercurium
1233 2679 1279 2738 est
1308 2671 1512 2740 referendum.

342 2783 515 2864 Utrumque
529 2783 658 2847 uerbum
681 2788 751 2866 post
764 2781 892 2847 Homeri
907 2785 1042 2845 aetatem
1065 2800 1226 2866 perrarum
1243 2780 1309 2863 fuit,
1333 2779 1390 2845 sed
1413 2799 1511 2863 comp.

341 2889 436 2972 Soph.
466 2890 539 2955 Ant.
565 2889 638 2954 956.
662 2890 737 2953 961.
778 2887 851 2953 Hcs.
874 2887 952 2972 Opp.
977 2887 1050 2953 786.
1082 2887 1153 2952 Hur.
1177 2887 1244 2952 Alc.
1271 2886 1366 2953 1125.
1397 2886 1513 2957 Melan.

345 2996 446 3062 Vinct.
469 2996 504 3059 fr.
528 2995 603 3060 495.
648 2995 740 3079 Dion.
770 2995 840 3061 Hal.
865 2995 950 3060 Antt.
974 2994 1034 3060 Vll
1058 2995 1099 3059 72
1133 2987 1294 3081 (ὄρχησις.
1307 3040 1334 3054 ..
1358 2990 1513 3079 κέρτομος

343 3100 400 3165 καὶ
430 3099 633 3187 τωθαστική,
657 3099 813 3188 κέρτομος
843 3098 900 3164 καί
931 3101 1086 3187 σατυρικὴ
1121 3097 1270 3186 παιδιαί).
1322 3099 1443 3163 Tamen
1472 3096 1513 3162 de

343 3207 446 3273 choris
469 3207 532 3272 illis
555 3191 683 3290 quidem
707 3208 834 3273 comicis
856 3213 957 3291 potest
979 3207 1072 3288 uolgo
1087 3207 1161 3272 olim
1175 3211 1355 3289 usurpatum
1371 3224 1447 3269 esse.
1471 3243 1511 3251 -

343 3315 487 3381 Ceterum
511 3315 549 3382 ef.
573 3310 799 3401 ἐπικερτομεῖν
821 3310 895 3376 τινά
927 3313 958 3375 Ω
982 3315 1056 3379 649.
1079 3313 1157 3378 VIII
1179 3314 1231 3392 92,
1262 3311 1515 3398 κατακερτομεῖν

343 3419 417 3485 τινά
449 3423 466 3485 I
500 3422 572 3487 129.
609 3421 642 3484 li
676 3420 739 3486 135
775 3417 921 3508 (simplex
952 3420 1081 3485 uerbum
1114 3418 1199 3505 apud
1228 3417 1420 3484 Herodotum
1452 3437 1514 3481 non

341 3526 478 3612 legitur).

432 3681 644 3775 *κουρίδιος
698 3674 722 3751 Γ
739 3686 801 3751 135
831 3683 987 3770 γαμέουσι
1021 3681 1058 3748 δὲ
1088 3682 1224 3761 ἕκαστος
1254 3681 1359 3748 αὐτῶν
1386 3682 1515 3759 πολλὰς

342 3792 401 3876 μὲν
423 3790 590 3883 κουριδίας
613 3794 773 3878 γυναῖκας,
798 3791 913 3877 πολληλ
937 3791 964 3855 δ’
983 3786 1033 3855 ἔτι
1056 3790 1199 3867 πλεῦνας
1220 3789 1395 3867 παλλακὰς
1416 3792 1515 3854 κτῶν-

343 3926 410 3965 ται.
456 3904 484 3969 V
509 3905 549 3969 18
583 3902 657 3988 ἡμῖν
688 3898 785 3981 νόμος
818 3897 889 3964 ἐστὶ
920 3901 1009 3963 τοῖσι
1040 3897 1216 3986 Πέρσησιν,
1250 3896 1351 3962 ἐπεὰν
1384 3896 1515 3961 δεῖπνον

343 4008 576 4096 προτιθώμεθα
598 4004 691 4092 μέγα,
715 4005 789 4070 τότε
811 4003 869 4070 καί
892 4006 951 4082 τὰς
973 4004 1148 4082 παλλακὰς
1175 4003 1232 4068 καὶ
1260 4004 1320 4081 τὰς
1348 3998 1516 4091 κουριδίας

343 4117 494 4200 γυναῖκας
526 4111 697 4199 έςάγεσθαι
726 4110 916 4200 παρέδρους.
967 4114 1010 4179 VI
1035 4115 1097 4178 138
1131 4106 1166 4200 εἰι
1189 4111 1228 4198 δν)
1253 4108 1516 4195 διαγιγνώσκοιεν

345 4216 441 4308 σφίσι
464 4244 500 4285 τε
522 4223 651 4309 βοηθεῖν
673 4218 751 4308 (τῶν
775 4217 983 4306 παλλακέων)
1016 4212 1048 4283 οἱ
1069 4217 1190 4295 παῖδες
1212 4218 1297 4305 πρὸς
1326 4219 1391 4281 τῶν
1412 4238 1516 4302 κουρι-

347 4326 426 4392 διῶν
449 4335 604 4411 γυναικῶν
627 4327 701 4402 τοὺς
724 4326 850 4402 παῖδας
861 4324 929 4389 [καί
952 4326 1072 4390 τούτων
1086 4320 1203 4389 αὐτίκα
1218 4322 1325 4412 ἀρχειν
1338 4318 1515 4410 πειρῴατο,

344 4429 380 4498 τί
403 4432 443 4521 δι)
457 4430 671 4520 ἀνδρωθέντες
696 4433 789 4521 δῆθεν
809 4427 1021 4518 ποιίσουσιν;
1066 4431 1216 4510 Quotiens
1239 4430 1324 4516 apud
1346 4432 1515 4496 Homerum

345 4542 469 4624 legatur
491 4534 638 4629 κουριδίη
661 4538 775 4621 ἀλοχος
798 4538 852 4629 (A
877 4541 949 4605 114.
978 4544 1012 4603 Ν
1034 4541 1107 4607 626.
1135 4544 1166 4601 Τ
1186 4541 1261 4606 298.
1291 4536 1310 4614 ξ
1337 4538 1425 4622 245),
1447 4558 1516 4600 κου’

345 4643 435 4736 ριδίη
457 4649 532 4735 γυνὴ
554 4647 585 4736 (ν
613 4647 679 4736 44),
711 4649 775 4722 alia
799 4646 969 4732 eiusmodi,
999 4667 1090 4724 nemo
1121 4652 1168 4711 est
1199 4645 1253 4729 qui
1275 4644 1403 4712 nesciat.
1448 4645 1517 4710 Nec
