3492 5358
714 455 938 524 ..35-

242 678 347 738 tumen
378 669 457 736 mihi
488 668 680 753 persuadere
709 671 797 756 potui
828 665 974 759 κουριδίῃ
1006 668 1081 755 γονὴ
1113 666 1198 754 apud
1220 668 1413 735 Herodotum

245 798 312 844 esse
340 778 444 860 magis
475 777 630 862 poeticum
662 778 713 842 uel
736 778 935 844 Homerioum
967 798 1061 860 quam
1096 775 1259 863 πολλακή.
1304 778 1415 859 ltaque

244 884 350 967 quoad
373 885 606 967 comprobatum
629 884 688 949 erit
710 885 802 967 louge
831 885 896 949 alia
925 884 1045 950 ratione
1068 886 1160 949 Iones
1182 884 1290 949 Nostri
1312 889 1417 948 aetate

241 990 422 1074 signifioure
444 990 551 1055 solitos
574 1009 642 1056 esse
671 991 846 1074 legitimam
874 1010 1011 1076 uxorem,
1043 991 1127 1057 huno
1158 1009 1218 1074 ego
1240 990 1416 1074 putauerim

242 1099 337 1164 luisse
361 1097 527 1163 terminum
550 1097 712 1162 etiamtum
736 1099 905 1180 uolgarem.

332 1255 452 1344 λάβρος
477 1289 516 1310 --
540 1256 718 1341 uehemens
742 1256 885 1341 rapidus?
925 1258 1005 1322 187
1030 1253 1067 1320 έκ
1091 1250 1277 1342 θέάίθρίης
1299 1252 1414 1319 τεκαὶ

244 1359 392 1450 νηνεμίης
414 1363 606 1450 συνδραμεῖν
629 1358 785 1451 ἐξαπίνης
806 1361 905 1452 νέφεα
932 1360 990 1426 καὶ
1017 1362 1161 1445 χειμῶνά
1189 1385 1226 1427 τε
1256 1385 1415 1449 καταρρα-

243 1481 337 1557 γῆναι
364 1467 422 1533 καί
445 1456 524 1534 ὗσαι
546 1469 643 1534 ὕδατι
656 1465 855 1556 λαβροτάτῳ,
880 1464 1142 1556 κατασβεσθῆναί
1163 1491 1199 1533 τε
1221 1467 1279 1555 την
1300 1468 1413 1555 πυρήν.

243 1577 321 1642 VIII
346 1577 387 1641 12
411 1573 447 1639 ἐκ
472 1573 588 1662 θέτης
609 1570 786 1661 ναυμαχίης
815 1572 984 1662 (ὑπέλαβε)
1017 1570 1137 1663 άμβρος
1159 1597 1195 1639 τε
1217 1570 1336 1661 λάβρος
1357 1571 1416 1638 καὶ

241 1681 385 1769 ῥεύματα
425 1677 537 1769 ἰσχυρά
570 1678 603 1758 ἐς
635 1678 803 1746 θάλασσαν
836 1679 998 1769 ὁρμημένα
1032 1676 1167 1769 βρονταί
1197 1703 1233 1745 τε
1267 1675 1413 1769 σκληραί.

242 1789 287 1854 Of.
311 1793 342 1853 Β
368 1790 439 1858 148.
474 1789 598 1855 0625.
628 1792 667 1851 Π
686 1790 761 1856 385.
793 1793 824 1851 Φ
846 1791 921 1863 271.
946 1811 963 1852 ο
985 1791 1060 1856 293.
1105 1788 1200 1874 Apud
1228 1789 1415 1854 recentiores

241 1902 272 1961 et
293 1901 403 1979 poetas
426 1901 457 1961 et
479 1896 646 1981 scriptores
668 1895 854 1961 uocabulum
877 1896 973 1961 etiam
996 1895 1037 1961 de
1059 1896 1236 1962 homiuibus
1249 1902 1416 1979 usurpatur

240 2004 296 2089 (=
320 2007 489 2087 proteruus,
512 2000 632 2085 uorax).
676 2002 721 2069 of.
746 2003 838 2068 Arist.
861 2002 940 2069 Hist.
966 2003 1025 2067 Au.
1048 2003 1126 2069 VIII
1149 2004 1178 2086 5,
1202 2002 1243 2067 de
1266 2022 1337 2085 gen.
1362 2022 1412 2068 au.

241 2110 257 2173 I
282 2110 331 2176 14.
364 2109 445 2174 Tim.
467 2109 556 2175 Loor.
579 2130 609 2193 p.
635 2112 698 2174 103
722 2111 761 2177 A.
792 2110 901 2195 Polyb.
925 2109 970 2175 IV
984 2111 1036 2193 41,
1059 2112 1088 2176 6.
1113 2112 1165 2193 70,
1189 2113 1219 2177 7.
1246 2109 1295 2174 XI
1309 2111 1361 2192 24,
1384 2111 1414 2175 9.

240 2213 368 2282 Diodor.
396 2215 458 2282 Sio.
490 2216 591 2282 V26.
639 2215 778 2300 Aloipbr.
809 2216 859 2281 III
881 2217 933 2282 42.
979 2216 1077 2298 Loug.
1100 2217 1116 2279 I
1139 2216 1169 2283 5.
1215 2216 1349 2299 Appian.
1374 2214 1415 2280 de

243 2322 304 2386 reb.
319 2321 408 2404 Hisp.
424 2323 474 2405 18,
497 2321 538 2387 de
559 2322 630 2387 bell.
643 2322 746 2388 Hann.
761 2323 812 2390 48.
827 2360 831 2368 ·
849 2324 899 2387 De
921 2322 1080 2406 imbribus,
1103 2323 1213 2406 uentis
1236 2321 1415 2387 fluminibus

247 2448 317 2512 uox,
340 2434 374 2492 ut
397 2427 529 2512 uidetur,
551 2448 674 2513 semper
696 2430 754 2494 fuit
775 2429 922 2512 uulgaris.

331 2586 454 2664 λεπτός
478 2620 516 2641 =
542 2595 637 2668 tener,
659 2609 783 2673 paruus.
821 2591 837 2654 I
862 2592 924 2655 133
949 2582 981 2653 oi
1004 2584 1190 2671 εὐδαίμονες
1213 2585 1317 2651 αὐτῶν
1338 2592 1415 2669 βοοκ

242 2691 301 2757 καὶ
323 2693 431 2758 ἵππον
453 2692 510 2758 καί
532 2690 676 2784 κάμηλον
694 2694 914 2782 προτιθέαται
930 2694 1021 2772 ὅλους
1035 2691 1156 2770 ὀπτοὺς
1171 2692 1204 2759 έν
1217 2691 1412 2776 καμίνοισιν,

244 2795 274 2864 oi
308 2798 345 2879 θὲ
372 2798 509 2890 πένητες
540 2798 644 2865 αὐτῶν
674 2804 717 2866 τά
749 2802 857 2867 λεπτά
889 2811 953 2867 τῶν
984 2798 1157 2891 προβάτοιν
1184 2800 1414 2889 προτιθέαται.

243 2908 303 2973 VII
325 2911 368 2975 36
395 2906 569 2972 διέκπλοον
592 2906 630 2972 δέ
651 2907 839 2997 ὑπόφαυσιν
860 2908 1039 2973 κατέλιπον
1068 2917 1132 2972 τῶν
1159 2905 1415 2997 πεντηκοντέρων

242 3012 299 3078 καί
322 3012 492 3102 τριηρέων,
517 3013 569 3078 ἵνα
598 3014 656 3079 καί
686 3012 719 3092 ές
748 3016 803 3080 τὸν
825 3015 952 3080 Πόντον
981 3011 1035 3104 iim
1060 3010 1077 3079 ὃ
1106 3014 1298 3098 βουλόμενος
1319 3012 1415 3077 πλεῖν

244 3116 397 3184 πλοίοισι
426 3121 580 3185 λεπτοῖσι
604 3119 661 3186 καὶ
691 3120 727 3185 ἐκ
749 3132 807 3186 τοῦ
829 3121 958 3187 Πόντου
981 3120 1052 3199 ἔξω.
1098 3123 1175 3188 VIII
1201 3125 1261 3189 107
1290 3116 1413 3186 άνατεί·

244 3248 335 3291 νουσι
359 3228 420 3315 γὰρ
444 3225 542 3316 άκραι
566 3227 687 3292 λεπταί
709 3233 768 3319 τῆς
790 3225 927 3317 ἠπείρου
955 3230 1081 3318 ταύτης.
1131 3232 1192 3295 137
1218 3226 1354 3293 ἐνθαῦτα
1378 3224 1416 3291 tiex

242 3331 388 3422 ἐθήτευον
411 3332 470 3399 ἐπὶ
492 3338 602 3421 μισθῷ
623 3338 718 3423 παρὰ
740 3340 788 3422 τῷ
809 3336 957 3420 βασιλεῖ,
990 3331 1007 3402 ὃ
1030 3335 1089 3418 μέν
1110 3336 1238 3412 ἵππους
1258 3333 1370 3416 νέμων,
1396 3328 1413 3397 b

247 3439 284 3504 δέ
306 3446 393 3525 βοῦς,
419 3436 437 3506 ὃ
463 3440 500 3506 bs*
522 3440 681 3519 νεώτατος
704 3440 807 3506 αὐτῶν
829 3440 1016 3534 Περδίκκης
1037 3445 1080 3508 τά
1110 3442 1217 3506 λεπτὰ
1246 3449 1309 3505 τῶν
1336 3462 1415 3528 προ

240 3544 358 3631 βάτον.
406 3550 451 3616 Of.
482 3553 517 3612 K
537 3552 611 3617 226.
644 3552 674 3611 Σ
695 3550 769 3615 595.
805 3551 1086 3633 1127551497.
1118 3555 1156 3614 X
1175 3550 1249 3616 511.
1287 3549 1414 3629 Ψ506,

243 3655 317 3739 590,
341 3657 416 3721 854.
438 3656 526 3738 β95.
550 3658 654 3722 ε231.
679 3653 783 3734 ζ264.
807 3680 827 3743 η
849 3659 901 3724 97.
925 3659 1032 3724 θ280.
1056 3657 1164 3722 κ544.
1189 3659 1273 3743 ρ97.
1308 3657 1414 3722 Potest

241 3760 326 3845 apud
357 3763 526 3828 Homerum
556 3762 747 3828 adieetiuum
776 3762 955 3847 significare
984 3763 1019 3829 id
1048 3763 1131 3846 quod
1161 3770 1208 3829 est
1238 3769 1330 3828 tenum
1362 3763 1415 3849 (ef.

241 3865 259 3946 ζ
281 3869 347 3934 264
369 3866 474 3956 λεπτη
497 3863 637 3955 εἰσίθμη,
662 3877 694 3936 et
716 3870 927 3954 metaphorioe
949 3866 1056 3959 λεπτὴ
1079 3881 1179 3956 μῆτις
1201 3889 1289 3935 υσθυε
1311 3869 1414 3935 tenuis

240 3978 275 4037 K
295 3977 369 4042 226.
400 3977 433 4037 Ψ
452 3975 546 4062 590),
570 3997 632 4041 uon
664 3976 738 4042 item
768 3976 802 4041 id
832 3977 916 4059 quod
938 3983 986 4043 est
1007 3977 1125 4042 humile
1154 3983 1188 4041 ut
1212 3976 1246 4041 in
1278 3976 1339 4041 VII
1361 3978 1412 4043 36.

240 4082 317 4147 VIII
343 4085 403 4148 107
430 4080 479 4170 (t).
524 4083 662 4149 Uerbum
693 4083 779 4167 apud
802 4085 893 4150 Iones
922 4084 1017 4150 fuisse
1047 4103 1209 4150 eommune
1236 4102 1275 4148 ex
1297 4083 1413 4168 Hippo-

147 4210 150 4215 *
241 4195 327 4254 orato
341 4189 541 4272 intellegitur.
578 4190 620 4256 cf
637 4210 667 4274 p.
683 4190 788 4256 169Β
811 4189 850 4254 τὸ
862 4190 984 4255 λεπτὸν
1007 4191 1062 4276 (so.
1076 4185 1209 4276 ἔντερον,
1233 4190 1413 4256 intestinum

238 4296 388 4379 tenue),
401 4316 431 4379 p.
446 4295 523 4382 295,
537 4297 580 4362 25
596 4292 733 4381 (λεπτὸς
747 4293 781 4373 ές
794 4297 855 4373 τὰς
868 4296 981 4377 τέχνας
997 4330 1036 4351 =
1053 4316 1146 4363 aoer
1159 4299 1211 4363 uel
1224 4296 1412 4383 subtilis).

238 4402 350 4484 Neque
382 4422 457 4469 uero
484 4403 587 4469 miuus
614 4404 699 4488 apud
728 4404 849 4470 Atticos
877 4405 1027 4470 usitatum
1056 4404 1122 4471 fuit.
1177 4404 1222 4472 Cf.
1251 4404 1350 4471 Thuo.
1381 4404 1413 4468 Il

239 4509 291 4575 49.
315 4510 368 4576 83.
414 4509 680 4595 Xen.(lyr.14,
706 4512 756 4577 11.
791 4511 872 4594 V4,
896 4513 947 4578 46.
985 4511 1058 4577 Οεο.
1084 4513 1133 4595 17,
1157 4513 1187 4579 8.
1225 4511 1302 4595 Cyn.
1327 4510 1357 4593 5,
1380 4509 1409 4576 5.

239 4615 318 4680 Plat.
341 4616 444 4681 Erast.
477 4637 506 4700 p.
534 4618 596 4682 134
618 4618 654 4685 B.
702 4617 785 4684 Orat.
814 4638 843 4701 p.
867 4619 932 4683 389
956 4619 992 4683 Β.
1038 4619 1198 4703 Repvll
1227 4639 1256 4701 p.
1285 4617 1412 4682 5231).

1217 4741 1252 4794 3*
