3492 5358
756 477 980 542 ...15...

284 684 403 758 Ἴωσιν.
435 693 496 760 VII
521 693 582 759 158
618 689 671 757 ὅτε
693 714 751 775 μοι
780 690 866 779 πρός
895 685 1132 780 Καρχηδονίους
1163 692 1267 766 νεῖκος
1300 690 1454 779 συνῆπτο.

279 802 386 870 Uerba
416 807 487 867 sunt
517 801 651 867 Gelonis.
697 801 759 867 VII
787 800 853 865 225
884 793 928 876 ὡς
959 796 995 863 δέ
1024 798 1154 875 τούτους
1185 798 1274 886 ἥκειν
1296 793 1455 862 ἐπύθοντο

283 904 313 972 oi
343 902 506 998 Ἕλληνες,
539 904 683 972 ἐνθεῦτεν
715 903 776 996 ἤδη
808 902 989 994 ἑτεροιοῦτο
1021 905 1061 970 τὸ
1091 907 1204 982 νεῖκος.
1253 905 1298 973 Of.
1321 908 1352 968 Β
1382 907 1457 971 3λ6.

281 1017 314 1079 Δ
336 1017 412 1082 444.
435 1018 474 1078 Λ
497 1016 570 1081 671.
594 1018 639 1076 M
658 1016 732 1099 348,
755 1017 829 1082 361.
861 1018 897 1076 Ν
916 1016 991 1079 271.
1023 1016 1053 1075 Ρ
1073 1014 1148 1080 384.
1176 1016 1206 1075 Y
1227 1013 1299 1078 140.
1325 1016 1357 1073 (D
1379 1012 1453 1077 513.

281 1142 301 1185 σ
325 1123 398 1189 264.
422 1146 440 1184 υ
463 1124 526 1189 267
552 1127 620 1188 cett.
657 1122 771 1186 Rixam
794 1121 913 1208 (Zank,
937 1118 1043 1208 Streit)
1074 1140 1187 1185 nomen
1210 1119 1336 1185 uidetur
1358 1118 1455 1201 signi·

279 1228 375 1296 ficare
397 1229 431 1294 in
453 1228 531 1295 VIII
554 1230 595 1295 87
621 1223 651 1292 εἰ
673 1226 732 1310 μὲν
754 1222 811 1291 καί
834 1250 868 1290 τι
891 1229 995 1303 νεῖκος
1016 1226 1102 1313 πρὸς
1125 1223 1221 1290 αὐτὸν
1243 1219 1380 1310 ἐγεγόνει
1405 1219 1454 1287 ἐτι

279 1334 359 1423 περὶ
378 1329 610 1422 Ἑλλήςποντον
642 1330 774 1412 ἐόντων,
809 1330 845 1398 οὐ
872 1331 977 1416 μέντιυ
1007 1327 1068 1412 ἐχω
1097 1355 1132 1417 χε
1162 1327 1279 1411 εἰπεῖν,
1312 1353 1371 1398 neo
1398 1332 1455 1396 aii-

280 1449 327 1509 ter
348 1443 463 1526 legitur
485 1442 517 1508 in
542 1441 575 1511 Ξ
593 1443 659 1508 205
682 1442 756 1517 τοὺς
779 1432 841 1522 εἶμ’
866 1437 1024 1529 ὀφομένη,
1049 1436 1106 1503 καί
1131 1438 1185 1527 σφ’
1209 1436 1327 1527 άκριτα
1350 1434 1456 1502 νείκεα

280 1548 375 1614 λύσω.
422 1550 566 1632 Denique
590 1549 629 1615 de
652 1549 707 1614 lite
730 1549 800 1634 ipsa
823 1548 947 1633 ponitur
970 1548 1002 1613 in
1026 1547 1070 1614 VI
1093 1549 1135 1613 66
1167 1544 1258 1622 τέλος
1281 1544 1317 1610 δὲ
1340 1540 1457 1610 ἐόντων

281 1653 359 1744 περὶ
406 1648 513 1720 αὐτῶν
557 1653 702 1733 νεικέων,
756 1649 846 1732 ἐδοξε
892 1654 1137 1742 Σπαρτιήτησιν
1181 1648 1372 1739 ἐπείρεσθαι
1418 1652 1457 1716 τό

279 1762 470 1852 χρηστήριον
492 1763 531 1826 τὸ
544 1760 578 1826 ἐν
590 1761 772 1851 Δελφοῖσιν
792 1757 822 1826 εὶ
838 1754 1032 1850 Ἀρίστωνος
1056 1755 1105 1851 είη
1118 1763 1202 1837 παῖς
1219 1754 1237 1825 ό
1251 1759 1454 1849 Δημάρητος,

281 1872 323 1937 68
354 1871 503 1958 (loquitur
533 1873 734 1955 Demaratus)
766 1864 969 1958 Λευτυχίδης
992 1870 1053 1956 γὰρ
1077 1863 1139 1957 ἐφη
1163 1865 1195 1931 ἐν
1218 1869 1306 1932 τοῖσι
1336 1863 1455 1931 νείκεσι

280 1975 379 2062 λέγων
401 1975 573 2042 κυνέουσάν
597 1998 633 2041 σε
657 1974 694 2041 ἐκ
715 1980 773 2040 τοῦ
796 1974 956 2064 προτέρου
986 1974 1101 2064 ἀνδρὸς
1131 1975 1214 2038 οότω
1237 1972 1341 2039 ἐλθεῖν
1362 1977 1456 2062 παρὰ

277 2076 477 2172 Ἀρίστωνος
501 2106 539 2151 ac
562 2106 602 2151 ne
625 2085 660 2150 id
683 2085 810 2167 quidem
824 2083 943 2150 recedit
961 2084 1073 2149 abusu
1088 2083 1263 2168 Homerico,
1287 2084 1325 2148 cf.
1340 2084 1369 2143 Σ
1381 2084 1455 2150 497.

280 2193 402 2272 prro,
449 2192 593 2258 Ceterum
616 2193 720 2267 νεῖκος
743 2212 783 2257 ea
804 2191 930 2257 notione
953 2209 1034 2273 quae
1058 2195 1105 2255 est
1135 2196 1308 2274 certamen,
1341 2190 1456 2255 bellum

280 2300 405 2384 ponitur
434 2301 529 2364 etiam
559 2300 600 2365 ab
623 2298 778 2383 Hesiodo,
814 2297 953 2363 Pindaro
983 2297 1175 2380 tragicisque
1202 2297 1311 2381 poetis.
1364 2297 1455 2362 Plato

281 2426 404 2490 quoque
428 2426 501 2471 usus
525 2413 571 2471 est
592 2406 687 2472 uerbo
711 2406 744 2470 in
767 2404 917 2490 Sophiste
938 2425 967 2489 p.
992 2405 1057 2469 243
1081 2405 1111 2469 Α
1140 2401 1173 2467 ἐν
1201 2401 1293 2491 μέρει
1324 2402 1360 2467 δέ
1383 2401 1456 2467 τυτέ

280 2511 339 2594 μέν
361 2507 395 2577 ἐν
419 2503 502 2575 εἶναι
526 2509 610 2600 φασί
634 2512 673 2575 τὸ
694 2515 764 2575 πᾶν
795 2509 852 2575 καί
883 2506 978 2599 φίλον
999 2509 1055 2574 ὑπ’
1075 2502 1291 2600 Ἀφροδίτης,
1322 2508 1398 2574 τοτέ
1421 2508 1457 2575 δὲ

280 2616 389 2683 πολλά
412 2616 468 2682 καὶ
491 2617 650 2700 πολέμιον
673 2610 754 2681 adad
777 2619 864 2703 αὐτῷ
889 2617 945 2681 διὰ
968 2616 1073 2693 νεῖκός
1095 2640 1145 2695 τι,
1177 2636 1237 2700 quo
1260 2624 1366 2683 tamen
1388 2618 1456 2683 loco

283 2730 493 2792 est=rixa:
524 2726 719 2810 quinetiam
740 2726 916 2810 Xenophon
940 2725 1063 2810 scripsit
1085 2725 1119 2790 in
1144 2725 1262 2810 Cyni
1287 2726 1326 2791 17
1359 2719 1389 2788 εὶ
1420 2723 1456 2788 δὲ

282 2830 368 2920 πρὸς
390 2835 464 2910 τοὺς
476 2832 658 2921 βαρβάρους
679 2828 808 2909 πάντας
829 2828 923 2920 πάση
940 2835 980 2920 τῇ
993 2826 1124 2897 (Ελλάδι
1148 2833 1252 2908 νεῖκος
1266 2831 1285 2919 ἢ
1299 2827 1452 2913 πόλεμος,

283 2939 339 3003 διὰ
363 2937 494 3016 τούτους
517 2935 549 3004 oi
567 2934 714 3029 Ἕλληνες
737 2936 897 3027 ἐκράτουν.
936 2939 996 3026 (Of.
1015 2941 1162 3007 Antonin.
1192 2940 1261 3006 Lib.
1283 2941 1352 3024 XI).
1391 2941 1456 3004 Hos

285 3053 390 3113 tamen
413 3048 480 3113 sine
503 3046 697 3113 dubitatione
721 3046 858 3113 concedo
885 3047 1042 3131 poeticum
1066 3066 1235 3132 usurpasse
1257 3047 1455 3113 uocabulum:

282 3153 323 3219 de
346 3154 495 3239 scriptore
518 3155 624 3221 Ionico
647 3175 756 3220 uereor
779 3160 901 3219 uttam
924 3159 1007 3219 certe
1030 3154 1172 3219 iudicare
1195 3154 1297 3222 liceat.

370 3312 469 3392 νέκυς.
494 3318 589 3383 Ι14Ο
612 3307 649 3379 οὗ
672 3310 832 3403 πρότερον
851 3310 1014 3379 θάπτεται
1038 3311 1154 3401 άνδρδς
1168 3311 1305 3401 Πέρσεω
1329 3313 1347 3377 ό
1368 3310 1458 3390 νέκυς

282 3420 362 3510 πρίν
384 3422 424 3488 δν
446 3422 501 3487 ὑπ’
524 3417 649 3511 όρνιθος
672 3422 692 3510 ἢ
714 3420 807 3498 κυνὸς
837 3416 984 3510 ἑλκυσθῇ.
1031 3423 1082 3488 III
1107 3424 1147 3488 16
1171 3418 1311 3486 ἐκέλευεν
1340 3418 1377 3484 ἐκ
1399 3424 1458 3511 τῆς

282 3533 389 3619 ταφῆς
419 3526 476 3594 τὸν
497 3523 657 3612 Ἀμάσιος
686 3526 776 3593 νέκυν
804 3526 951 3617 ἐκφέρειν
981 3524 1050 3606 ἐξω.
1098 3531 1142 3595 24
1171 3525 1204 3592 ἐν
1234 3526 1318 3616 μέση
1351 3527 1386 3593 δὲ
1415 3530 1456 3614 τῇ

284 3633 383 3726 στήλη
406 3634 501 3700 ἐνεὼν
528 3632 739 3725 διαφαίνεται
763 3635 781 3699 ό
804 3634 908 3715 νέκυς,
940 3633 1012 3700 odico
1037 3632 1138 3725 ὀδμὴν
1161 3628 1315 3719 οὐδεμίαν
1344 3633 1458 3722 άχαριν

282 3739 500 3832 παρεχόμενος
530 3741 602 3809 οἰίτε
632 3741 709 3808 utto
740 3741 848 3819 άεικές
878 3735 988 3808 οὐδέν·
1017 3741 1074 3808 καὶ
1098 3738 1163 3824 ἐχει
1192 3738 1303 3806 πάντα
1333 3742 1456 3830 φανερά

284 3846 402 3933 ὁμοίιος
426 3848 512 3936 αὐτῷ
543 3853 590 3935 τῷ
620 3848 717 3915 νέκυι.
765 3851 810 3917 Of.
836 3853 874 3912 H
897 3853 971 3917 709.
1003 3855 1038 3913 Ν
1059 3850 1133 3916 509.
1166 3853 1205 3912 Π
1225 3849 1299 3915 526.
1332 3853 1362 3912 Ρ
1382 3851 1456 3915 277.

283 3961 312 4020 Σ
335 3961 407 4025 173.
429 3956 448 4019 λ
471 3961 522 4026 37.
544 3981 564 4038 χ
587 3960 650 4025 401
676 3961 730 4047 (=
749 3957 855 4046 ψ45),
880 3981 906 4021 ω
919 3959 983 4025 417
1009 3964 1077 4025 cett.
1108 3956 1173 4024 Sed
1187 3956 1273 4041 apud
1286 3956 1456 4021 Homerum

282 4063 389 4142 νέκυες
402 4066 528 4150 saepius
548 4072 619 4131 sunt
639 4066 734 4131 etiam
748 4066 914 4150 mortui,
937 4071 971 4130 ut
993 4065 1026 4131 in
1049 4063 1134 4149 λ29,
1149 4066 1223 4148 491,
1238 4064 1313 4130 569.
1338 4088 1362 4145 μ
1382 4064 1456 4147 583,

283 4178 313 4238 et
335 4169 426 4249 νέκυς
448 4173 572 4258 ponitur
594 4194 650 4258 pro
674 4172 832 4238 adiectiuo
858 4204 897 4227 =
922 4178 1103 4237 mortuus
1126 4171 1159 4236 in
1182 4175 1212 4234 P
1232 4172 1306 4238 240.
1331 4174 1360 4232 Σ
1385 4171 1456 4256 152,

282 4299 375 4362 quem
385 4300 475 4345 usum
484 4280 549 4347 fere
563 4301 625 4345 non
639 4279 726 4346 nouit
734 4279 918 4347 Herodotus.
942 4280 1088 4345 Fortasse
1097 4278 1194 4361 igitur
1208 4277 1294 4363 apud
1308 4280 1456 4344 Nostrum

282 4387 484 4470 agnoscenda
507 4394 554 4454 est
577 4385 766 4453 consuetudo
790 4387 941 4452 sermonis
955 4386 1054 4452 Ionici
1078 4386 1258 4453 recentioris
1280 4406 1327 4470 ea,
1349 4391 1382 4450 ut
1398 4405 1457 4450 uox

282 4494 339 4559 illa
361 4513 425 4577 qua
447 4495 600 4561 Homerus
623 4494 774 4580 expressit
796 4514 904 4560 omnes
932 4493 1072 4559 notiones
1095 4513 1176 4576 quae
1199 4493 1325 4559 suntin
1347 4490 1458 4579 νεκρὸς

282 4608 432 4686 usurpata
455 4602 495 4667 sit
508 4601 722 4668 tantummodo
736 4622 837 4686 paene
851 4599 894 4666 ad
917 4599 1159 4683 significandum
1176 4599 1314 4667 cadauer
1324 4600 1458 4665 hominis
