3492 5358
789 395 921 487 ...ις
966 456 1013 472 ...

315 651 360 696 nu
384 632 455 715 (nec
478 633 549 717 plus
572 652 629 698 nec
658 633 762 699 minus
790 634 888 700 tribus
917 632 1051 720 stadiis).
1096 635 1200 718 Atque
1229 635 1326 700 etiam
1356 626 1433 701 ὅσον
1461 645 1491 700 τ’

317 744 438 805 constat
462 758 530 804 esse
554 760 616 804 non
639 745 828 821 quantum
852 740 952 821 fere,
975 741 1032 807 scd
1054 748 1244 823 quantum
1267 742 1491 827 simpIIoitor.¹)

315 847 427 928 Itaque
449 865 521 910 oum
550 845 657 912 scribit
678 845 857 912 Herodotus
887 845 1025 934 φάκελοι
1048 844 1249 913 συννενέαται
1273 841 1349 912 ὅσον
1378 848 1406 913 τ’
1429 846 1490 913 ἐστὶ

319 947 474 1028 σταδίους
495 953 583 1040 τρεῖς
604 962 706 1038 μηιος
728 950 785 1016 καί
815 942 914 1040 είρος,
945 953 1006 1020 hoc
1034 953 1189 1036 intellegit
1220 951 1359 1041 φάκελοι
1389 976 1490 1020 συννε-

317 1056 431 1124 νέαται
461 1055 521 1122 έττί
553 1053 706 1135 σταδίους
737 1060 823 1147 τρεῖς
855 1070 957 1146 μῆκος
985 1057 1042 1124 καί
1076 1050 1179 1147 εὗροςε
1217 1061 1319 1128 fasces
1349 1063 1489 1145 congesti

315 1171 400 1250 sunt,
423 1164 529 1247 quoad
551 1167 683 1231 acerbus
705 1165 806 1231 sactus
835 1170 882 1232 est
911 1166 1022 1249 longus
1050 1168 1100 1232 111
1129 1166 1234 1232 stadia
1262 1168 1296 1232 in
1324 1173 1489 1250 utrumque

318 1273 410 1337 latus.
457 1271 602 1353 Denique
635 1272 714 1338 haec
736 1271 895 1354 quaedam
925 1274 1119 1357 pleonastica
1148 1272 1276 1339 dicendi
1298 1274 1378 1340 ratio
1402 1274 1487 1359 apud

317 1379 467 1443 Nostrum
498 1377 580 1443 adeo
612 1383 659 1442 cst
689 1378 813 1462 usitata,
853 1384 888 1443 ut
918 1379 971 1445 uel
1001 1379 1076 1446 inde
1107 1386 1260 1464 appareat
1291 1374 1505 1446 ecommuni'

317 1477 469 1549 sermome
498 1482 722 1550 consuetudine
752 1503 823 1561 eam
853 1504 921 1551 esso
950 1491 1115 1571 sumptam.
1161 1486 1207 1552 uf.
1237 1487 1253 1551 Ι
1279 1488 1351 1552 174.
1380 1487 1413 1552 ΙΙ
1435 1488 1487 1553 92.

314 1591 364 1655 111
389 1590 420 1675 5,
438 1591 491 1656 so.
514 1589 562 1654 nr
584 1589 637 1657 su.
683 1590 772 1675 (stne
795 1586 856 1653 ιιι
878 1592 911 1656 11
934 1593 986 1659 ιε.
1010 1593 1063 1658 oc.
1087 1593 1239 1659 ουτοι
1262 1591 1328 1679 σε).

401 1729 438 1795 οὐ
459 1729 557 1814 μάλα.
591 1732 635 1798 VI
648 1733 669 1797 3
684 1730 741 1817 τὴν
761 1729 821 1813 μέν
842 1730 1008 1822 γενομένην
1031 1729 1177 1797 αὐτοῖσιν
1199 1728 1308 1820 ἀιτίην
1331 1731 1368 1798 οδ
1393 1732 1484 1815 μάλα

316 1835 491 1926 ἐξέφαινον,
517 1836 534 1901 ὁ
559 1834 595 1901 δέ
618 1832 706 1922 ἐλεγέ
729 1858 808 1926 σφιν
829 1837 906 1906 κτλ.
948 1841 1064 1905 Putant
1086 1836 1123 1904 οὐ
1144 1838 1233 1921 μάλα
1256 1839 1286 1908 h.
1310 1840 1329 1907 Ι.
1353 1860 1421 1907 osse
1446 1873 1485 1894 =

314 1964 514 2027 nequaquam
546 1945 641 2032 (ganz
674 1944 738 2009 und
770 1943 927 2030 gamioht)
968 1946 1189 2029 conseruntque
1220 1945 1299 2011 iilud
1331 1945 1407 2028 μάλ’
1439 1944 1485 2026 εὖ,

313 2051 399 2134 quod
422 2051 509 2136 apud
531 2051 701 2117 Homerum
724 2058 771 2117 est
791 2053 941 2118 usitatum
963 2052 1004 2139 (B
1027 2054 1091 2118 241
1116 2051 1208 2138 cett).
1252 2052 1317 2120 Sed
1340 2051 1376 2117 od
1397 2051 1487 2136 μάλα

314 2159 410 2224 etiam
424 2157 544 2246 duobus
559 2158 636 2223 locis
649 2157 837 2224 Herodoteis
849 2158 964 2241 legitur
978 2180 1017 2225 ea
1030 2160 1064 2223 ui
1081 2165 1225 2242 quaeest
1240 2191 1279 2213 =
1295 2159 1382 2225 haud
1401 2179 1486 2244 sane,

313 2264 399 2331 nicht
430 2266 525 2345 eben,
560 2264 682 2331 fredich
714 2264 810 2333 nicht.
855 2266 937 2332 193
970 2264 1119 2346 θαύματα
1139 2263 1175 2329 δὲ
1206 2276 1245 2352 γη
1268 2267 1288 2353 ἦ
1310 2260 1422 2355 Λυδίη
1454 2262 1487 2341 ἐς

315 2369 498 2460 συγγραφὴν
529 2367 566 2434 οὐ
596 2367 686 2451 μάλα
718 2364 793 2450 diget.
841 2371 900 2436 VII
923 2371 966 2436 50
998 2372 1086 2434 τοῖσι
1122 2365 1227 2434 τοίνυν
1261 2369 1486 2453 βουλομένοισι

312 2479 423 2541 ποιεῖν
455 2476 499 2553 ὡς
530 2472 569 2541 τδ
603 2471 733 2540 έπίτταν
764 2475 855 2565 φιλεῖ
885 2471 1049 2561 γίγνεσθαι
1084 2476 1127 2540 τὰ
1157 2474 1290 2562 κέρδεα,
1330 2478 1418 2540 τοῖσι
1451 2473 1488 2540 δὲ

316 2578 579 2669 ἐπιλεγομένοισί
607 2605 643 2647 τε
665 2581 776 2646 πάντα
805 2581 863 2648 καί
886 2579 1048 2649 ὀινέουσιν
1071 2579 1107 2646 οδ
1133 2582 1223 2665 μάλα
1246 2579 1348 2647 ἐθέλει
1377 2582 1487 2670 (uerba

313 2688 454 2774 Xerxis).
500 2689 620 2768 Quodsi
649 2690 747 2756 uerba
778 2690 811 2755 in
833 2690 920 2756 Vl3
950 2690 1069 2755 ironice
1098 2689 1185 2755 dicta
1216 2695 1388 2756 statuemus
1410 2708 1486 2772 esse,

314 2798 476 2880 aptissime
508 2794 545 2861 εδ
575 2794 665 2877 μάλα
702 2797 797 2880 plane
829 2795 942 2863 eadem
973 2798 1006 2862 ui
1046 2797 1181 2881 positum
1218 2815 1286 2863 esse
1321 2795 1485 2862 uidebitur.

314 2903 415 2968 Aliter
451 2909 634 2988 comparata
669 2909 740 2969 sunt
773 2923 812 2969 ca
843 2923 925 2986 quac
957 2903 1094 2970 SteinIus
1124 2886 1268 2968 laudauit
1304 2922 1342 2968 ex
1374 2902 1504 2968 Aescu.-

314 3010 399 3077 Pers.
423 3011 497 3075 382.
718 3000 722 3011 '

403 3132 420 3169 *
451 3134 501 3198 De
523 3131 616 3220 πάρα
638 3133 712 3199 uide
734 3153 758 3198 s.
781 3153 810 3201 u.
841 3127 899 3198 ἔνι.
944 3134 973 3199 V
998 3136 1060 3200 106
1090 3136 1137 3219 τῷ
1167 3131 1259 3220 πάρα
1288 3131 1346 3215 μὲν
1374 3131 1486 3197 πάντα

315 3232 379 3304 ὅσα
401 3260 466 3327 περ
490 3233 544 3302 σοί
575 3240 673 3306 uerba
695 3239 830 3306 Histiaei
856 3246 942 3324 sunt,
971 3241 1049 3306 VIII
1071 3241 1113 3306 68
1136 3239 1172 3327 β)
1202 3237 1273 3324 odire
1305 3241 1365 3328 γὰρ
1396 3241 1486 3316 σῖτος

403 3433 424 3504 1)
443 3434 504 3488 Ηοε
521 3438 617 3488 contra
635 3449 683 3489 eos
701 3434 763 3497 dico
782 3434 830 3503 qui
847 3434 1063 3504 interpretentur
1082 3435 1150 3486 ὅσον
1166 3434 1190 3486 τ’
1210 3437 1256 3486 ἐπὶ
1275 3430 1400 3486 σταδίους
1416 3437 1487 3503 τρεῖς

312 3525 395 3591 μῆκος
413 3528 458 3574 καὶ
478 3513 555 3593 εὗρες
572 3538 622 3593 per
640 3527 724 3574 τόσον
750 3523 818 3574 ὅσον
842 3525 888 3576 ἐστὶ
908 3518 1032 3576 σταδίους
1055 3528 1127 3593 τρεῖς
1145 3521 1216 3576 τιτλε
1242 3523 1270 3577 in
1295 3522 1413 3591 sulthen,
1431 3521 1485 3592 uel,

313 3612 389 3681 quod
407 3613 528 3680 malunt,
554 3611 734 3680 ungcfdhr
756 3612 784 3666 In
802 3612 909 3667 solcher
926 3610 1139 3681 Ausdehnung‚
1165 3611 1229 3666 dass
1247 3628 1277 3667 es
1296 3612 1354 3667 drei
1373 3610 1485 3667 StadIen

314 3701 343 3754 In
360 3701 457 3768 Lungc
476 3700 533 3754 und
551 3700 645 3754 Breite
663 3699 733 3756 sind.
768 3700 867 3756 Nescio
890 3705 983 3756 autem
1010 3717 1045 3756 an
1073 3700 1170 3755 melius
1195 3700 1232 3754 sit
1256 3700 1393 3770 eprIcare
1419 3699 1486 3754 haec

300 3789 439 3843 stmiliter
457 3793 542 3857 atque
561 3788 626 3843 alibi
645 3793 761 3843 conatus
785 3805 846 3843 sum
871 3788 1008 3859 explicare
1032 3789 1186 3844 locutiones
1209 3788 1279 3843 tales
1303 3789 1399 3857 quales
1421 3793 1487 3843 sunt

312 3883 402 3948 μύριοι
421 3878 496 3940 ὅσοι,
514 3877 636 3947 ἄφθονοι
655 3878 722 3930 ὅσοι.
757 3877 856 3945 Itaque
874 3877 961 3932 uerba
978 3877 1113 3932 Herodoti
1131 3877 1229 3932 eodem
1247 3892 1330 3931 sensu
1348 3877 1388 3931 sic
1404 3882 1485 3946 potu·

313 3966 385 4021 erint
402 3964 565 4021 conformari
584 3970 729 4038 φρυγάνων
753 3964 866 4037 φάκελοι
894 3970 1067 4018 συννενέαται
1093 3969 1139 4018 επὶ
1165 3961 1290 4018 σταδίους
1313 3968 1385 4036 τρεῖς
1401 3966 1486 4033 μῆκος

313 4060 359 4106 και
377 4040 453 4125 εὖροι
471 4056 538 4107 ὅσον
555 4074 585 4107 τε
614 4055 668 4125 (bis
686 4071 721 4109 zu
739 4054 800 4110 drei
818 4053 933 4109 Studien
957 4054 985 4108 in
1002 4055 1100 4124 Ldnge
1122 4054 1180 4109 und
1204 4053 1306 4121 Breite‚
1330 4053 1438 4111 wievicl
1456 4068 1486 4107 es

312 4143 368 4212 ist).
404 4143 504 4199 Statuo
522 4145 607 4213 igitur
624 4159 730 4198 merum
752 4144 955 4213 pleonasmum‚
980 4159 1036 4198 non
1062 4147 1235 4214 περίφρασιν.
1271 4143 1340 4197 IIIra
1365 4145 1430 4196 sunt
1456 4141 1485 4195 in

312 4231 355 4287 his
372 4233 563 4287 tantummodo
581 4249 670 4302 genus
694 4239 724 4288 et
741 4248 872 4288 numerus
890 4231 1036 4302 pronImIs:
1061 4248 1125 4287 nam
1152 4236 1296 4302 exspectes
1318 4236 1369 4286 aut
1386 4231 1439 4283 ὅσα
1455 4249 1487 4282 σε

309 4341 347 4370 v=
357 4325 462 4391 quanta
479 4325 543 4376 sunt
561 4320 610 4391 (su.
628 4324 712 4390 μῆιιοι
729 4326 775 4373 καί
794 4312 881 4391 εὗρες)
900 4325 949 4375 aut
968 4321 1028 4373 ὅσοι
1046 4339 1076 4372 τε
1087 4340 1119 4368 =
1130 4329 1201 4389 quot
1218 4326 1283 4375 sunt
1299 4321 1347 4391 (sc.
1357 4315 1484 4389 στάδιοι).

312 4410 351 4466 Ut
369 4409 398 4463 iu
415 4409 443 4463 II
461 4409 496 4463 78
513 4409 635 4481 μέγαθος
653 4411 720 4462 ὅσον
736 4429 767 4462 τε
786 4414 919 4475 πηχυαῖον
936 4415 953 4475 ἢ
972 4405 1087 4473 δίπηχυν
1105 4414 1199 4478 potest
1217 4410 1284 4460 ὅσον
1296 4428 1327 4461 τε
1345 4408 1382 4463 ad
1395 4408 1485 4478 ipsum

311 4498 435 4571 μέγαθος
451 4496 555 4553 referri.
591 4496 633 4555 Cf.
652 4499 719 4555 VIII
736 4499 772 4554 55
790 4501 870 4570 ὥρων
892 4496 1014 4566 βλαστὸν
1032 4502 1062 4550 ἐν
1080 4498 1130 4550 τού
1148 4495 1369 4562 scrupeorum
1386 4516 1417 4548 τε
1435 4514 1486 4561 πη-

311 4592 406 4653 χυαῖον
425 4582 667 4658 ἀναδεδραμηκότα
684 4587 727 4657 (λ).
