3492 5358
792 461 1014 526 „33-

318 693 444 758 prorsus
475 672 673 739 obsolcuisse.
728 671 774 739 Of.
806 670 913 760 (Plat.)
953 671 1082 738 Axioch.
1115 691 1144 755 p.
1176 672 1241 736 366
1275 670 1308 738 O.
1354 672 1417 736 367
1452 672 1491 736 A.

318 779 475 865 Theophr.
498 780 578 845 Hist.
607 779 708 846 Plaut.
737 779 873 862 VIIII,
904 781 933 844 7.
978 777 1087 862 Polyb.
1116 776 1159 843 IV
1183 779 1245 857 20,
1269 778 1298 844 8.
1334 777 1362 843 V
1384 779 1437 862 29,
1459 780 1490 845 2.

319 885 413 954 Diod.
436 886 498 952 Sic.
522 888 538 950 I
562 886 613 952 74.
658 886 737 950 Plut.
760 886 836 952 Mor.
859 905 889 968 p.
915 885 978 949 162
1001 885 1037 949 Β.
1082 884 1156 950 Luc.
1180 883 1270 951 Halo.
1293 883 1323 948 5.
1368 883 1489 951 Anach.

319 995 371 1077 20,
416 989 574 1080 νηαιάτης
591 1024 629 1046 =
645 991 780 1076 pueritia.
806 992 886 1056 Plat.
908 991 1007 1074 Legg.
1030 990 1135 1074 VHp.
1149 991 1214 1056 808
1237 989 1264 1054 u
1287 986 1343 1075 (=
1359 989 1490 1054 stultitia

319 1100 393 1166 Luc.
416 1100 506 1165 Halo.
529 1097 572 1185 3).
618 1095 808 1186 νηαιόφρων
830 1098 931 1164 Strab.
954 1098 970 1162 I
993 1118 1022 1182 p.
1046 1098 1098 1164 37.

410 1236 543 1327 ὀιζυρός.
590 1240 638 1304 ΙΧ
662 1240 703 1304 82
728 1232 763 1315 ὃς
786 1237 913 1325 τοιήνδε
942 1232 1072 1302 δίαιταν
1102 1231 1180 1317 dicore
1210 1226 1304 1325 ήλθεν
1327 1233 1361 1313 ἐς
1390 1234 1490 1323 ἡμέας

320 1347 403 1411 οὕτω
434 1342 559 1434 ὀιζορήν
588 1339 718 1425 ἒήοντας
748 1341 1019 1433 α’τταιρησάμενος.
1064 1343 1171 1410 Uerba
1203 1350 1274 1409 suut
1302 1344 1489 1410 Pausaniae.

320 1453 364 1521 (11.
388 1456 428 1516 Α
451 1454 525 1520 417.
549 1456 581 1515 Γ
602 1453 674 1516 112.
699 1456 734 1514 Ν
754 1451 829 1517 569.
852 1454 882 1514 Ρ
902 1452 977 1518 446.
1000 1450 1085 1534 γ95.
1109 1449 1221 1517 6197.
1246 1472 1261 1514 e
1286 1450 1358 1518 105.
1382 1451 1489 1517 6540.

320 1559 427 1626 1182
460 1591 499 1612 =
532 1560 647 1624 ν337.
702 1557 797 1643 Apud
829 1558 949 1623 Atticos
985 1563 1103 1622 certum
1139 1562 1186 1622 est
1231 1559 1360 1623 uerbum
1396 1558 1490 1623 fuisse

319 1666 483 1751 poetIcum,
507 1665 547 1731 dc
569 1684 627 1730 usu
650 1665 756 1731 Ionico
779 1665 853 1731 licet
874 1665 1007 1730 fortasse
1030 1664 1181 1731 dubitare.

409 1796 510 1883 οὖλος.
556 1807 618 1873 VII
641 1809 684 1873 70
716 1801 747 1871 οἳ
771 1805 911 1894 μὲνγὰρ
934 1801 1005 1872 άττό
1029 1801 1119 1893 ήλίοο
1140 1800 1310 1882 Αἰθίοπες
1334 1799 1490 1892 ἰθάτριχές

320 1909 412 1992 εἰσιν,
438 1907 470 1977 oi
494 1909 529 1977 δὲ
553 1910 589 1976 ἐκ
609 1914 668 2001 τής
690 1913 822 2002 Λιβύης
854 1911 1026 1978 οὐλότατον
1048 1908 1192 2000 τρίχωμα
1223 1907 1330 1992 ἒήηοοοι
1359 1911 1491 1975 πάντων

320 2018 507 2109 ἀνθρώπων.
554 2020 696 2105 Apparet
718 2021 904 2086 uocabulum
927 2019 1105 2103 significare
1135 2019 1170 2085 id
1192 2019 1276 2102 quod
1307 2019 1437 2086 densum
1460 2025 1491 2085 et

321 2127 457 2211 crispum
489 2132 536 2192 est
567 2125 715 2213 (wollig):
745 2146 841 2209 quam
878 2129 1035 2193 notionem
1071 2126 1105 2192 id
1141 2145 1237 2210 saepe
1273 2128 1369 2192 ctiam
1406 2126 1490 2211 apud

319 2235 487 2299 Homerum
510 2233 643 2312 habere,
674 2234 720 2299 ita
749 2239 855 2298 tamen
884 2239 918 2299 ut
948 2233 1038 2299 densi
1066 2232 1169 2316 magis
1199 2252 1295 2315 quam
1318 2234 1412 2317 crispi
1442 2233 1490 2298 uis

318 2346 492 2426 prematur,
516 2345 621 2404 notum
645 2346 699 2406 est.
737 2340 781 2407 uf.
806 2344 840 2402 K
862 2342 935 2407 134.
958 2344 997 2402 Π
1008 2341 1082 2405 224.
1106 2342 1150 2423 (Ρ
1162 2339 1235 2424 756,
1260 2341 1348 2424 759).
1371 2340 1402 2401 Ω
1417 2342 1490 2405 646.

320 2447 421 2531 650,
452 2448 525 2514 299.
564 2444 666 2525 ζ231
694 2479 733 2501 =
760 2447 875 2533 ψ158
906 2438 1018 2534 (οάλας
1040 2444 1165 2530 κόμας).
1212 2447 1329 2534 η338.
1374 2469 1394 2509 κ
1416 2447 1490 2512 461.

320 2579 337 2642 ρ
361 2555 413 2619 89.
436 2576 456 2616 τ
474 2553 539 2619 225
564 2558 633 2620 cett.
670 2549 880 2642 οὐλοκάρηνος
903 2553 1000 2619 denso
1023 2553 1138 2638 capillo
1161 2577 1181 2616 τ
1200 2555 1274 2619 246.
1310 2553 1392 2618 Aliis
1413 2552 1490 2618 Iocis

320 2650 413 2737 οὖλος
442 2660 568 2725 uidetur
597 2660 760 2726 ostendere
790 2666 844 2725 aut
872 2659 908 2724 id
937 2660 1022 2743 quod
1053 2666 1134 2726 totus
1163 2666 1218 2725 aut
1246 2659 1281 2724 id
1310 2659 1394 2742 quod
1424 2680 1490 2743 per-

319 2767 470 2833 niciosus:
507 2766 565 2832 sed
596 2767 676 2833 haec
714 2767 807 2849 louge
838 2766 944 2831 aliena.
974 2772 1046 2831 sunt
1076 2768 1188 2850 uerba,
1219 2767 1315 2851 plane
1347 2766 1491 2831 diuersae

320 2873 458 2956 originis.
512 2873 556 2939 uf.
581 2872 666 2938 Gust.
689 2873 820 2957 Meyer,
844 2873 980 2938 Gramm.
1004 2871 1113 2939 Graec.
1137 2874 1185 2956 ἐξ.
1208 2875 1260 2958 73,
1283 2875 1357 2940 221.
1402 2872 1491 2950 Quae

320 2978 448 3062 quidem
471 2978 608 3046 concedo
631 2979 727 3044 fuisse
750 2979 858 3045 Ionica
881 2985 1001 3044 tautum
1024 2980 1075 3044 uel
1097 2980 1235 3064 poetica:
1259 2978 1376 3045 sedeo
1399 2999 1491 3044 sensu

320 3086 374 3168 qui
404 3092 451 3152 cst
481 3087 600 3170 crispus
634 3086 820 3152 uocabulum
850 3075 943 3162 οὖλος
975 3088 1015 3152 ab
1045 3086 1122 3170 ipsis
1150 3086 1349 3171 scriptoribus
1379 3086 1491 3151 Atticis

320 3198 502 3276 usurpatum
534 3198 589 3258 est.
642 3192 688 3259 uf.
719 3193 813 3258 Arist.
842 3193 921 3261 Hist.
945 3195 1004 3258 Au.
1027 3193 1104 3259 VIII
1135 3195 1185 3259 10.
1232 3193 1388 3277 Theophr.
1411 3193 1491 3258 Hist.

319 3299 420 3366 Plaut.
443 3300 493 3364 III
517 3301 546 3383 9,
570 3300 600 3383 6,
623 3300 653 3366 8.
691 3298 784 3366 Diod.
807 3300 869 3366 Sic.
892 3301 941 3365 III
965 3301 993 3365 8.
1039 3298 1127 3365 Idem
1151 3299 1247 3364 etiam
1270 3298 1357 3384 apud
1374 3300 1491 3384 Hippo

320 3411 438 3471 cratem
460 3412 507 3472 est
528 3405 676 3470 usitatum
699 3400 798 3493 (ἔριον
812 3395 928 3490 οὖλον).
964 3406 1078 3472 Noster
1099 3406 1203 3491 utitur,
1225 3412 1259 3471 ut
1280 3406 1341 3472 hoc
1364 3406 1491 3490 addam,

319 3513 418 3578 etiam
455 3512 625 3597 composito
662 3509 809 3600 οάλόθριξ
843 3512 877 3577 in
912 3513 945 3577 H
977 3515 1041 3579 104
1077 3509 1174 3589 αὐτὸς
1211 3510 1247 3577 δὲ
1283 3506 1398 3577 εἴκασα
1436 3514 1490 3597 (sc.

319 3613 528 3703 Αἰγυπτίους
551 3608 635 3682 εἶναι
658 3618 732 3695 τοὺς
754 3617 912 3706 Κόλχους)
941 3618 1020 3706 τήάε
1042 3615 1099 3683 καὶ
1123 3617 1174 3683 ὅτι
1202 3617 1396 3707 μελάγχροές
1426 3614 1491 3683 εἶσι

320 3721 377 3788 καὶ
402 3722 591 3812 οὐλάτριχες.
639 3725 684 3791 ef.
708 3722 890 3813 οὐλάτριχος
915 3726 1008 3793 Arist.
1032 3726 1111 3793 Hist.
1134 3727 1194 3793 Au.
1216 3727 1272 3811 IX,
1295 3728 1347 3793 44.
1394 3726 1489 3811 Geop.

319 3833 352 3897 X
376 3835 404 3911 1,
427 3835 457 3916 9,
490 3829 679 3918 οὗλοτριχέκο
710 3833 811 3899 Strab.
834 3833 893 3898 XV
922 3853 953 3917 p.
976 3835 1051 3917 690,
1083 3834 1158 3899 696.
1204 3834 1272 3899 Nee
1295 3833 1396 3898 miuus
1419 3853 1490 3899 cum

319 3938 496 4004 Herodoteo
533 3933 672 4026 ἱθάθριξ,
710 3938 793 4021 quod
830 3939 916 4023 apud
952 3940 1174 4024 Hippocratem
1210 3959 1332 4022 quoquc
1367 3939 1490 4023 legitur,

321 4046 497 4129 comparari
532 4051 634 4130 potest
670 4043 817 4133 εὐθάθριξ
851 4067 901 4130 ap.
933 4047 1026 4113 Arist.
1066 4046 1106 4111 dc
1145 4067 1215 4129 gen.
1248 4068 1297 4112 an.
1328 4046 1399 4111 V3
1439 4048 1490 4111 uel

321 4149 501 4238 εὐθάτριχος
529 4153 564 4216 in
593 4151 671 4216 HIst.
695 4153 755 4219 Au.
777 4152 825 4216 IX
847 4153 899 4216 44.
944 4153 1033 4219 Haec
1064 4153 1159 4235 igitur
1190 4152 1296 4218 omnia.
1326 4173 1389 4217 non
1420 4158 1491 4217 sunt

319 4256 451 4341 poetica.

410 4395 635 4489 οὐρανομήκης.
689 4402 722 4467 II
747 4403 809 4467 138
849 4403 889 4489 τῇ
923 4398 959 4466 δὲ
990 4399 1048 4465 καὶ
1079 4403 1120 4488 τῇ
1153 4413 1210 4489 της
1247 4401 1325 4466 ὁδοῦ
1358 4398 1489 4489 δένδρεα

321 4503 538 4594 οὐρανομήκεα
562 4504 698 4596 πέφυκε.
743 4510 848 4575 Semel
871 4508 984 4592 legitur
1007 4508 1092 4593 apud
1115 4509 1297 4594 Homerum,
1329 4509 1362 4573 iu
1386 4530 1401 4572 ε
1424 4510 1489 4574 239

321 4606 388 4699 (ὅθι
413 4611 545 4701 άένάρεα
567 4614 677 4701 μακρά
699 4615 880 4703 asponam)
910 4614 1029 4704 κλήθρη
1058 4614 1085 4679 τ’
1108 4609 1250 4704 αἴγειρός
1272 4614 1310 4694 τ’,
1342 4613 1439 4703 ἐλάτη
1462 4612 1486 4677 τί
