3492 5358
806 433 1027 499 ..30-

332 645 407 711 Post
427 648 569 733 χρῶνται
593 644 630 710 δὲ
649 645 749 732 ταύτῃ
762 648 803 731 τῇ
817 641 902 721 λέξει
924 642 982 707 καὶ
1004 638 1036 707 ολ
1048 641 1117 726 μέθ’
1133 638 1285 733 Ὅμηρον.
1313 632 1501 731 Ἄρχιππος

331 754 402 815 “cdv
435 750 462 815 d’
500 751 543 827 ὡς
575 746 724 837 έγενδμην
761 745 930 837 χρημάτων
970 746 1155 836 έπὴβολοςέῖ.
1207 750 1276 816 on
1307 770 1369 816 non
1401 752 1500 816 solum

332 857 418 941 apud
465 857 653 942 Aeschylum
698 855 813 943 (Prom.
858 857 924 922 446
978 858 1100 943 φρενῶν
1143 851 1331 944 ἐπηβόλους.
1397 856 1500 923 Schol.

294 1002 300 1011 ι
334 961 514 1050 ἔμφρονας·
538 959 796 1039 έπιτευκτικούς,
820 955 1052 1039 ἐπιτυχεῖς.
1097 962 1157 1043 Ag.
1181 958 1278 1045 520),
1314 961 1500 1045 Sophoclem

334 1069 419 1153 (Ant.
455 1068 551 1155 492),
588 1068 787 1151 Apollonium
818 1066 975 1132 Rhodium
1020 1067 1075 1151 (ΙΙΙ
1107 1068 1217 1151 1272),
1253 1068 1384 1132 Aratum
1421 1065 1500 1150 (10),

332 1173 526 1240 Nicandrum
550 1173 709 1261 (Alexiph.
734 1172 828 1257 232),
850 1172 1050 1238 Theocritum
1073 1173 1225 1253 (XXVIII
1248 1171 1298 1259 2),
1327 1171 1501 1237 κυδαλίμω

334 1280 420 1364 apud
463 1281 625 1345 Platonem
671 1277 820 1365 (Euthyd.
855 1299 886 1364 p.
914 1279 979 1344 289
1007 1279 1043 1344 Β.
1087 1278 1185 1360 Legg.
1216 1281 1262 1347 IV
1297 1298 1327 1361 p.
1358 1278 1423 1342 724
1451 1279 1502 1362 Β),

336 1386 535 1452 Aristotelem
564 1383 648 1471 (mh.
670 1385 740 1450 Nlo.
763 1388 778 1449 Ι
803 1382 873 1467 10),
902 1383 1118 1468 Plutarchum,
1149 1384 1372 1469 Hippocratem
1400 1384 1502 1467 ipsum

333 1492 462 1574 legitur:
493 1490 583 1555 utin
605 1509 663 1554 nsu
693 1488 761 1555 eius
782 1488 958 1555 Herodotus
986 1508 1087 1571 neque
1117 1489 1286 1553 Homerum
1318 1508 1377 1555 nec
1405 1489 1503 1553 ullum

332 1603 458 1681 poetam
480 1597 619 1661 imitatus
642 1615 709 1660 esse
732 1594 884 1662 uideatur.

423 1749 604 1841 ἑτεραλκὴς.
641 1756 688 1820 IX
704 1755 765 1819 103
791 1752 835 1829 ὡς
857 1743 944 1817 εἶδον
966 1747 1083 1817 αὐτίκα
1105 1752 1176 1816 κατ’
1200 1751 1299 1839 ὐρχάς
1320 1750 1503 1840 γιγνομένην

335 1855 509 1946 ἑτεραλκέα
531 1861 588 1946 τὴν
609 1858 721 1945 μάχην,
746 1853 837 1945 έρδον
852 1857 927 1922 door
941 1855 1089 1923 ἐδυνέατο
1108 1857 1328 1946 προςωφελεῖν
1342 1855 1503 1932 ἐθέλοντες

335 1967 443 2029 τοῖσιν
480 1958 640 2053 Ἕλλησιν.
693 1964 825 2030 Uidetur
869 1971 951 2031 certe
991 1958 1162 2051 ἑτεραλκὴς
1196 1963 1283 2050 μάχη
1327 1962 1504 2046 significare

334 2091 474 2156 pugnam
502 2071 669 2156 ancipitem
706 2070 757 2155 (ci.
781 2092 808 2136 c.
833 2071 926 2155 102),
957 2071 1046 2135 utin
1069 2073 1144 2137 VIII
1169 2072 1207 2135 11
1237 2069 1311 2145 τοὺς
1341 2066 1379 2133 δέ
1407 2064 1440 2133 έν
1461 2072 1503 2154 τῇ

336 2171 494 2264 ναυμαχίη
538 2176 638 2263 ταάτη
683 2170 879 2262 ἑτεραλκέως
924 2173 1172 2260 ἀγωνιζομένους
1222 2172 1277 2251 νὺξ
1320 2172 1504 2239 ἐπελθοῦσα

337 2282 483 2347 διέλυσεν
504 2288 649 2367 putamus
675 2301 742 2347 esse
765 2275 961 2367 ἑτεραλκέως
984 2278 1222 2365 δγουιζόμεναυς
1245 2281 1374 2367 ancipiti
1403 2281 1504 2345 Marte

337 2394 523 2473 pugnantes.
568 2388 683 2453 Contra
706 2386 791 2472 apud
814 2388 983 2452 Homerum
1013 2381 1182 2474 ἑτεραλκὴς
1203 2381 1275 2475 νίκη
1305 2395 1351 2451 est
1372 2386 1505 2452 uictorIa

336 2495 506 2579 explorata,
528 2495 618 2559 utin
641 2497 681 2555 H
700 2496 752 2559 26.
778 2494 807 2556 Θ
832 2496 904 2559 171.
927 2495 1041 2559 Ρ627.
1062 2516 1083 2572 χ
1104 2495 1169 2559 236
1193 2493 1244 2580 (cf.
1272 2494 1377 2559 0738
1403 2491 1505 2581 δὴμος

340 2595 512 2688 ἑτεραλκὴς
534 2600 587 2682 qui
610 2605 728 2665 certam
750 2599 855 2664 reddit
876 2597 1062 2683 uictoriam).
1106 2601 1217 2681 Itaque
1239 2597 1437 2663 statuendum
1459 2604 1506 2663 est

339 2713 394 2771 aut
415 2707 562 2771 uocabuli
585 2706 650 2769 uim
671 2706 704 2769 in
726 2711 784 2770 usu
806 2706 917 2770 Ionum
940 2705 1144 2770 recentiorum
1166 2710 1319 2769 mutatam
1342 2723 1425 2787 esse,
1449 2711 1503 2768 aut

340 2810 532 2876 Herodotum
554 2810 723 2874 Homerum
746 2810 830 2875 male
851 2810 1041 2875 intellectum
1063 2809 1189 2877 imitari.
1234 2808 1378 2876 Concedo
1401 2818 1505 2874 autem

339 2918 442 3001 priore
464 2918 533 2982 loco
546 2915 724 2982 Herodoteo
746 2936 885 3000 pugnam
899 2922 1003 2982 certae
1020 2916 1170 2982 uictoriae
1192 2934 1283 3000 posse
1296 2909 1505 2998 significatam

338 3042 421 3089 esse:
451 3022 545 3087 modo
568 3023 748 3087 omittantur
770 3023 867 3088 uerba
889 3019 960 3084 κατ’
984 3019 1099 3108 ἀρχάς,
1123 3041 1204 3103 quae
1227 3022 1321 3086 facile
1342 3027 1506 3106 potuerunt

337 3128 526 3211 interpolari
548 3127 627 3192 falso
648 3133 683 3192 ut
706 3127 917 3194 declararetur
935 3123 1061 3204 αὐτίκα,
1086 3147 1157 3192 cum
1170 3126 1205 3192 id
1218 3127 1360 3192 similiter
1372 3128 1506 3211 positum

339 3238 421 3299 esset
442 3239 476 3298 ut
498 3231 640 3312 τάχιστα
662 3232 722 3318 (ὡς
743 3223 830 3297 εἶδον
853 3228 970 3296 αὐτίκα
995 3265 1034 3287 --
1059 3228 1176 3296 αὐτίκα
1191 3227 1357 3318 λδάντεςλ).
1399 3234 1506 3298 Altero

339 3346 443 3405 autern
474 3339 542 3405 loco
582 3345 648 3404 turn
686 3345 769 3406 certe
808 3339 973 3422 requiritur
1013 3339 1148 3423 negatio.
1206 3338 1325 3416 Quodsi
1362 3339 1412 3405 cui
1443 3338 1505 3404 hae

338 3445 525 3511 mutationes
570 3445 679 3511 faciles
721 3444 923 3529 uidebuntur,
968 3446 999 3511 ei
1041 3465 1103 3510 non
1144 3446 1300 3528 grauabor
1336 3444 1506 3510 concedere

342 3545 515 3638 ἑτεραλκὴς
535 3552 665 3617 uerbum
688 3570 756 3616 esse
778 3551 978 3617 Homericum
999 3552 1051 3616 uel
1072 3551 1235 3635 poeticum.
1279 3552 1363 3616 Nam
1385 3556 1508 3636 praeter

339 3658 488 3723 Nostrum
525 3657 771 3738 recentioresque
807 3657 983 3743 scriptores·
1007 3658 1135 3722 uerbum
1172 3656 1385 3721 tantummodo
1422 3655 1507 3740 apud

339 3769 448 3847 poetas
479 3763 634 3829 inuenies:
666 3768 701 3828 ut
731 3763 764 3827 in
795 3764 908 3830 Aesch.
931 3764 1015 3829 Pers.
1045 3764 1109 3829 928
1142 3763 1289 3847 scriptum
1327 3768 1374 3827 est
1403 3754 1508 3849 ’Ἀρης

340 3862 520 3956 ἑτεραλκὴς,
545 3869 648 3935 Schol.
670 3867 757 3933 τοῦτ’
780 3863 854 3933 έστι
876 3866 1057 3959 νικηφόρος.

428 4024 561 4114 εὐειδὴς.
607 4029 624 4093 Ι
655 4029 718 4093 112
751 4028 770 4114 ὴ
802 4027 839 4093 δὲ
871 4028 916 4104 ὡς
947 4019 1014 4092 εἶδε
1044 4027 1084 4091 τὸ
1114 4021 1252 4091 παιδίον
1280 4023 1365 4111 μέγα
1392 4022 1507 4090 τεκαὶ

341 4130 461 4209 εὐειδὲς
485 4130 545 4213 ε’ὐν,
571 4130 760 4221 δακρύσασα
781 4131 840 4199 καλ
860 4131 1021 4222 λαβομένη
1043 4135 1108 4196 τῶν
1129 4130 1290 4216 γουνάτων
1311 4133 1369 4196 τοῦ
1392 4130 1509 4217 ἀνδρὸς

341 4235 464 4325 ε’χρὴιζε
485 4234 628 4327 μηδεμίῃ
649 4237 742 4327 τέχνη
768 4234 911 4305 ἐκθεῖναί
931 4264 996 4322 μιν.
1044 4238 1089 4305 of.
1113 4240 1163 4305 III
1188 4241 1204 4304 1
1237 4239 1375 4326 δυγατὴρ
1402 4236 1509 4324 κάρτα

339 4343 464 4433 μεγάλη
486 4367 522 4408 τε
544 4344 601 4410 καὶ
624 4344 756 4434 εὐειδὴς.
803 4349 823 4412 3
846 4344 943 4410 τέκνα
966 4343 1092 4410 εὐειδέα
1114 4367 1150 4408 τε
1171 4342 1230 4408 καὶ
1250 4341 1386 4428 μεγάλα.
1414 4345 1442 4410 V
1467 4345 1507 4409 12

344 4448 503 4539 ἀδελφεὴν
525 4449 665 4537 μεγάλην
686 4474 723 4515 τε
745 4448 803 4516 καλ
825 4448 960 4516 εὐειδέα.
1006 4451 1067 4516 VII
1083 4453 1122 4516 12
1146 4447 1247 4536 άνδρα
1269 4444 1300 4514 ολ
1325 4445 1509 4513 ἐπιστάντα
1536 4474 1541 4480 ·

341 4554 442 4640 μέγαν
464 4554 579 4621 τεκαὶ
603 4554 739 4623 εὐειδέα.
785 4558 880 4625 Stein.
911 4557 963 4623 ad.
993 4559 1106 4621 1112.
1150 4557 1188 4622 In
1218 4556 1417 4623 annotatione
1446 4555 1508 4619 Ho-
