3492 5358
809 474 1031 544 ...pom

337 682 473 752 ostendit
508 703 597 754 oues:
634 687 672 754 cf.
703 688 782 755 Xen.
815 690 874 756 Au.
903 692 946 755 III
977 688 1013 771 5,
1045 691 1065 754 9
1101 687 1210 753 πολλὰ
1247 687 1274 753 δ’
1298 684 1363 777 ὁρῶ
1399 690 1503 755 ταῦτα

336 788 491 879 πρόβατα
512 789 570 856 καὶ
593 783 687 877 αἶγας
708 790 765 857 καὶ
787 794 864 876 βοῦς
886 790 943 857 καὶ
966 788 1063 870 όνους.
1109 797 1209 877 IV7,
1236 797 1285 860 14.
1329 799 1375 862 VI
1398 799 1427 880 3,
1450 799 1503 862 22.

336 901 397 965 VH
419 901 456 982 3,
479 899 521 965 48
553 904 622 965 cett.
675 898 741 965 Sed
769 918 830 965 uox
859 900 929 983 ipsa
957 906 1005 964 est
1033 901 1251 983 uulgatissima
1280 908 1311 966 et
1340 922 1434 984 quam
1463 923 1503 968 ne

334 1004 541 1088 Hippocrates
563 1003 690 1085 quidem
712 1006 875 1070 auersatus
897 1006 951 1070 sit:
975 1007 1013 1072 ct
1036 1008 1110 1086 302,
1133 1008 1185 1072 27.
1209 1009 1274 1073 784
1295 1008 1333 1071 Β.

423 1140 578 1232 πυρκαιή.
631 1147 724 1211 Π66
753 1146 916 1234 πυρκαιῆς
946 1142 982 1208 δὲ
1010 1143 1192 1235 γιγνομένης
1221 1147 1294 1211 θεῖα
1326 1146 1502 1235 πρήγματα

251 1288 255 1295 ·
335 1245 577 1333 καταλαμβάνει
600 1246 675 1325 τοὺς
698 1244 890 1336 αἰελούρους.
928 1250 973 1316 cf.
997 1255 1037 1313 H
1048 1252 1122 1317 428.
1160 1254 1193 1315 Ψ
1214 1252 1292 1336 158,
1316 1254 1397 1335 231,
1427 1255 1525 1335 237,

335 1356 400 1421 250
425 1387 465 1408 --
490 1354 521 1417 Ω
544 1357 618 1421 791.
663 1355 792 1439 Semper
819 1353 905 1439 apud
927 1357 1097 1421 Homerum
1127 1357 1321 1440 significatur
1348 1359 1500 1423 uocabulo

334 1462 420 1528 locus
434 1459 581 1543 incendii,
595 1479 689 1543 rogus
712 1460 762 1540 (ct.
775 1461 847 1528 Eur.
861 1462 967 1545 SuppL
985 1463 1078 1528 1206.
1114 1463 1208 1530 Arist.
1230 1463 1310 1529 Hiet.
1324 1465 1384 1529 An.
1397 1467 1444 1529 [X
1461 1466 1500 1547 1):

335 1565 421 1651 apud
446 1567 594 1631 Nostrum
622 1566 725 1649 ipsum
751 1565 931 1631 incendium
965 1574 1012 1632 eet
1043 1604 1083 1614 —
1113 1587 1214 1650 neque
1242 1570 1325 1634 enim
1351 1569 1501 1653 Aegyptii

333 1677 469 1736 mortuos
499 1671 679 1736 cremabant
707 1709 759 1753 -,
790 1690 850 1753 quo
880 1672 1021 1757 exemplo
1051 1673 1178 1738 uerbum
1210 1680 1377 1758 posuerunt
1406 1675 1501 1739 etiam

333 1777 462 1843 Lucian.
508 1777 603 1843 Mero.
633 1776 722 1842 cond.
754 1778 804 1841 18.
849 1778 965 1843 Toxar.
988 1780 1029 1843 61
1060 1784 1092 1843 et
1120 1778 1275 1846 Plutarch.
1307 1780 1420 1846 Camill
1448 1781 1500 1847 31.

333 1881 398 1948 Sed
429 1889 534 1947 tamen
566 1882 698 1947 conferri
729 1888 830 1966 potest
858 1883 943 1948 locus
975 1903 1014 1948 cx
1044 1884 1137 1950 Arist.
1169 1885 1288 1950 Meteon
1319 1886 1413 1968 1111,
1445 1887 1499 1950 ubi

333 1985 449 2074 μικραὶ
463 1984 623 2074 πορναιαὶ
646 1998 798 2052 uocantur
820 2008 920 2072 parua
942 1988 1098 2056 incendia.
1134 1990 1238 2067 Quarc
1258 1992 1385 2056 uerbum
1399 2010 1500 2073 neque

332 2094 489 2178 poeticum
510 2112 611 2174 neque
634 2093 774 2158 Ionicum
795 2099 916 2158 tantum
939 2114 1006 2161 esse
1028 2094 1219 2160 affirmarim.

422 2230 494 2321 ῥίψ.
547 2234 592 2299 IV
624 2235 664 2299 71
703 2232 957 2320 παραπήξαντες
986 2230 1105 2316 αἰχμὰς
1135 2230 1221 2300 ἔνθεν
1248 2235 1306 2300 καὶ
1335 2231 1421 2301 ἔνθεν
1442 2239 1499 2301 τοῦ

331 2340 444 2426 νεαροῦ
476 2334 555 2415 ξύλα
586 2335 809 2427 ὑπερτείνουσι
845 2339 902 2403 ναὶ
938 2335 1056 2404 ἔπειτα
1087 2340 1165 2429 ῥιψὶ
1194 2339 1498 2427 ναταστεγάζουσιν.

332 2445 436 2511 Semel
465 2444 550 2530 apud
580 2445 748 2510 Homerum
779 2446 900 2530 legitur,
929 2448 962 2510 in
992 2445 1103 2513 ε256.
1150 2447 1196 2513 uf.
1218 2449 1321 2515 Schol.
1350 2445 1496 2534 ῥίπεσσι.

332 2546 502 2631 πλέγμασι
532 2547 738 2639 ψιαθιόδεσιν
767 2542 841 2616 οὖσι
876 2550 1125 2638 πεπλεγμένοις.
1178 2555 1243 2621 Sed
1272 2558 1399 2622 uerbum
1431 2557 1498 2621 sine

332 2654 426 2720 dubio
441 2663 509 2722 erat
522 2659 659 2742 uulgare,
682 2679 740 2723 uec
761 2658 851 2723 aliter
874 2661 971 2743 ῥῖπος
993 2659 1076 2742 quod
1089 2661 1264 2727 Herodotus
1287 2662 1446 2746 usurpauit
1466 2662 1498 2725 in

331 2761 365 2824 Π
387 2763 439 2828 96.
486 2762 531 2828 of.
554 2765 609 2830 Ar.
631 2765 704 2830 Pac.
731 2766 804 2831 699.
850 2765 943 2831 Arist.
962 2766 1063 2832 Probl.
1086 2767 1145 2833 XV
1167 2769 1195 2834 6.
1219 2788 1248 2850 p.
1272 2770 1335 2832 911
1364 2769 1400 2846 Β,
1424 2769 1445 2833 4
1468 2775 1499 2832 et

333 2866 372 2930 11
396 2867 498 2934 Bekk.
539 2868 680 2956 (Lucian.
704 2871 840 2937 Hermot.
863 2873 914 2937 28.
937 2871 1093 2939 Plutarch.
1116 2873 1193 2937 Mor.
1215 2892 1245 2956 p.
1268 2873 1333 2937 405
1355 2873 1406 2957 Β).

422 3026 588 3113 σαυροτήρ.
635 3028 696 3092 VII
718 3028 759 3092 41
785 3021 845 3090 ἐπὶ
874 3030 962 3091 τοῖσι
994 3023 1130 3115 δόρασιν
1159 3026 1233 3092 ἀντὶ
1261 3032 1325 3092 τῶν
1348 3030 1502 3117 occucurri-¹

333 3153 394 3216 ρων
417 3131 509 3216 ῥοιὰς
532 3122 615 3210 εἶχον
635 3131 780 3219 χρυσέας.
827 3134 877 3198 Ne
899 3133 959 3199 hoc
981 3135 1108 3217 quidem
1137 3136 1322 3201 uocabulum
1344 3137 1414 3218 plus
1436 3157 1496 3201 uno

333 3234 401 3299 loco
424 3236 580 3301 inuenitur
602 3237 687 3322 apud
709 3238 894 3304 Homerum:
917 3244 952 3302 K
976 3241 1046 3307 153.
1094 3240 1138 3308 uf.
1162 3241 1264 3307 Schol.
1290 3242 1447 3329 σαυροτὴρ
1461 3239 1498 3305 δέ

281 3398 284 3403 ,
331 3337 404 3403 ε’στι
428 3339 594 3429 ἀπολῆγον
615 3340 712 3429 μδρος
740 3346 798 3406 τοῦ
829 3340 982 3431 δόρατος,
1015 3343 1096 3431 δπερ
1124 3341 1305 3409 ἀντίκειται
1335 3349 1375 3433 τῇ
1399 3342 1497 3433 αἰχμῇ

330 3440 365 3509 ὃν
395 3444 452 3513 ναὶ
484 3442 628 3534 οὐρίαχον
658 3447 820 3512 καλοῦσιν.
868 3451 979 3531 Athen.
1007 3452 1071 3516 XII
1101 3473 1130 3536 p.
1154 3451 1220 3517 514
1246 3454 1282 3518 B.
1322 3453 1429 3537 Polyb.
1453 3453 1496 3517 VI

329 3552 381 3634 25,
405 3555 434 3624 6.
479 3554 527 3618 ΧΙ
544 3555 593 3637 18,
617 3555 646 3619 4.
691 3555 848 3621 Plutarch.
861 3556 938 3621 Mor.
956 3578 985 3641 p.
1004 3559 1065 3622 183
1080 3559 1118 3622 A.
1142 3558 1279 3641 (Anthol.
1302 3559 1346 3623 VI
1363 3561 1433 3641 110,
1457 3559 1495 3641 3).

329 3656 467 3723 Uerbum
489 3659 597 3725 Nostri
620 3665 723 3725 aetate
746 3661 883 3726 nondum
915 3664 1010 3728 fuisse
1033 3664 1195 3729 obscurum
1219 3670 1274 3728 aut
1296 3665 1433 3729 alienum
1455 3664 1496 3727 ab

330 3781 387 3827 usu
410 3764 534 3846 uolgari
557 3785 574 3830 c
597 3765 617 3830 l.
640 3765 658 3831 l.
683 3765 820 3831 dilucide
844 3775 982 3852 apparet.

418 3899 595 3991 σημάντωρ.
641 3906 701 3971 VII
725 3908 764 3972 81
797 3906 914 3972 τελέων
944 3905 1060 3973 δὲκαὶ
1083 3906 1196 3973 ἐθνέων
1219 3899 1302 3999 ἦσαν
1324 3907 1418 3973 ἄλλοι
1442 3930 1495 3997 ση-

327 4003 491 4095 μάντορες.
538 4011 583 4078 of.
606 4013 638 4074 Δ
661 4012 735 4078 431.
761 4013 790 4076 Θ
816 4016 887 4079 127.
914 4015 941 4078 0
964 4016 1038 4079 325.
1061 4040 1080 4102 ρ
1102 4017 1153 4082 21.
1177 4038 1196 4077 τ
1219 4018 1292 4083 314.
1315 4017 1421 4100 hymn.
1435 4016 1494 4100 Ap.

328 4113 401 4180 542.
448 4114 515 4180 Ger.
541 4118 612 4183 131.
640 4117 713 4183 Heu.
744 4117 827 4185 Scut.
857 4119 899 4184 56
931 4126 999 4186 cett.
1044 4119 1199 4198 Quoniam
1226 4142 1289 4187 non
1316 4121 1418 4205 uideo,
1441 4121 1493 4202 qui

330 4258 540 4267 ———

327 4339 415 4394 πολλοὶ
433 4346 524 4394 ἐστιν·
544 4350 574 4394 οδ
592 4349 644 4415 γάρ
662 4365 689 4397 τι
708 4343 855 4398 σπουδαῖαι
875 4346 905 4398 αἱ
920 4353 1003 4416 νομαὶ
1022 4349 1122 4401 αὐτόθι
1141 4349 1216 4401 εἰσίν.
1242 4350 1344 4405 Πο00111
1361 4364 1494 4418 usurpare

185 4483 188 4490 ,
327 4432 361 4486 de
381 4433 460 4500 equis
477 4449 557 4495 unus,
577 4435 762 4505 quodecim,
784 4453 867 4492 ausus
885 4443 928 4492 eet
946 4439 1081 4493 Pindarus
1098 4439 1126 4493 in
1144 4438 1195 4507 frg.
1214 4438 1268 4492 305
1286 4437 1387 4506 Bergk.
1425 4439 1494 4495 Nam

326 4520 400 4588 apud
423 4521 594 4576 Herodotum
612 4522 652 4576 VI
670 4524 704 4577 56
730 4529 895 4594 προβάτοισι
919 4543 974 4582 non
999 4527 1034 4581 de
1060 4528 1138 4595 equis
1163 4526 1335 4594 militaribus,
1361 4526 1410 4580 sed
1429 4526 1493 4596 (uec.

326 4607 472 4679 Steiuium)
492 4609 526 4663 de
545 4608 641 4665 hostiis
660 4617 703 4667 est
721 4613 918 4682 accipiendum.
