3492 5358
704 516 750 531 -
794 480 837 547 m
882 516 928 529 ..

231 696 325 783 πάρα
349 716 429 783 σφιν
457 692 490 760 ἐν
512 697 554 782 τῇ
583 692 670 782 νόσῳ
699 693 800 782 σαόιχγ
822 694 1019 760 Artemisiae.
1065 694 1110 762 Of.
1134 693 1216 759 142
1249 688 1321 757 οόιε
1344 694 1405 780 γὰρ

232 807 382 890 συμφορῇ
395 801 508 889 τοιῇδε
521 798 710 890 κεχρημένον
723 796 812 876 οἶκός
825 797 916 864 ἐστιν
930 797 964 877 ἐς
978 798 1137 887 ὁμήλικας
1150 789 1185 863 εὗ
1198 799 1406 887 πρήσσοντας

232 903 326 986 ἱέναι,
351 905 424 973 oliae
447 908 486 973 τὸ
508 905 681 992 βούλεσθαι
694 905 789 996 πάρα
811 906 974 994 (Adrasti).
1010 906 1128 972 v1112
1152 903 1225 971 οὔτε
1247 895 1292 969 ὦν
1309 928 1405 988 μετα-

229 1012 455 1098 βουλευόμενος
498 1016 610 1090 ποιεῖς
655 1003 706 1091 εὗ,
748 1010 821 1077 oilae
864 1011 883 1076 d
919 1010 1177 1099 συγγνωσόμενός
1220 1036 1274 1077 τοι
1309 1013 1404 1101 πάρα

230 1120 380 1208 (loquitur
416 1122 510 1186 homo
546 1122 579 1185 in
611 1119 730 1186 somnio
762 1118 869 1205 uisus).
928 1118 1041 1185 Mirum
1078 1139 1155 1184 sanc
1191 1118 1274 1201 quod
1309 1117 1405 1207 πάρα

230 1247 355 1311 semper
378 1227 412 1291 in
435 1227 627 1292 orationibus
650 1232 744 1302 extat,
769 1246 840 1292 cum
862 1219 925 1303 ἔνι,
950 1231 1099 1307 quantum
1123 1224 1234 1310 uideo,¹
1252 1226 1349 1291 semel
1371 1227 1405 1290 in

230 1334 371 1399 oratione
395 1333 517 1418 (Oroesi
540 1334 556 1397 Ι
579 1331 658 1417 207)
681 1333 722 1398 sit
744 1333 895 1417 positum,
927 1332 1029 1398 sexies
1054 1332 1088 1396 in
1119 1332 1223 1397 uerbis
1254 1332 1403 1398 auctoris:

229 1441 271 1504 de
310 1437 397 1521 μέσα
433 1439 546 1505 uideas
581 1459 684 1524 supra.
743 1438 809 1506 Sed
844 1459 954 1505 uereor
990 1459 1031 1504 ex
1067 1438 1129 1504 hac
1164 1458 1198 1504 re
1233 1438 1405 1521 quidquam

232 1546 427 1613 concludere.
474 1546 519 1614 cf.
543 1547 573 1610 E
594 1547 669 1613 603.
696 1549 728 1607 Τ
749 1547 821 1611 148.
853 1546 963 1629 γ324
985 1543 1071 1632 (πάρ
1093 1544 1200 1632 143).

318 1689 478 1754 Postremo
500 1689 568 1753 loco
591 1687 676 1753 addo
699 1686 784 1769 quod
806 1687 881 1753 item
903 1687 1037 1753 Holerus
1058 1687 1266 1771 praetermisit

318 1798 335 1834 *
366 1792 455 1883 πέρι.
511 1795 559 1859 ΠΙ
591 1795 635 1860 50
671 1790 765 1870 τέλος
797 1791 835 1858 δέ
865 1817 922 1875 μιν
955 1786 1037 1880 πέρι
1074 1796 1165 1877 θυμῷ
1201 1790 1348 1876 ἐχόμενος
1385 1791 1403 1856 ὁ

227 1895 430 1988 Περίανδρος
454 1897 612 1977 ἐξελαύνει
636 1896 673 1964 ἐκ
695 1908 759 1964 τῶν
781 1894 901 1964 οἰκίων.
947 1899 999 1965 Ad
1022 1920 1103 1983 quae
1126 1899 1277 1965 Steinius:
1302 1897 1403 1986 απέρι

228 2009 319 2090 θυμῷ
343 2003 505 2087 ἐχόμενος,
539 2007 701 2092 impotenti
733 2006 782 2072 ira
811 2026 969 2073 accensus.
1014 2008 1082 2071 Das
1110 2005 1293 2074 adverbiale
1323 2004 1403 2093 πέρι

227 2112 401 2196 „tiberaus“
423 2113 534 2198 gehdrt
563 2113 621 2179 der
649 2112 946 2197 epischenDictiun
969 2112 1100 2178 anund
1128 2112 1226 2184 findet
1254 2113 1321 2179 sich
1351 2113 1403 2179 bei

228 2219 267 2287 H.
291 2240 350 2284 nur
372 2219 468 2287 hier.“
520 2220 565 2286 Of.
592 2220 621 2283 Θ
646 2221 718 2286 161.
760 2219 956 2304 153‚100.
993 2222 1027 2281 K
1048 2221 1122 2287 244.
1160 2223 1196 2281 Ν
1215 2218 1296 2302 554,
1328 2221 1402 2285 727.

227 2327 266 2387 Π
290 2326 362 2393 186.
394 2349 416 2388 α
439 2328 491 2393 66.
526 2327 647 2408 6116.
678 2325 772 2409 γ95,
798 2327 871 2391 112.
904 2324 1021 2393 6722.
1058 2328 1176 2412 η110.
1209 2326 1303 2409 044,
1327 2327 1402 2392 281.

226 2455 251 2511 μ
275 2434 350 2500 279.
387 2432 452 2498 Sed
473 2432 578 2498 nescio
592 2452 653 2516 quo
667 2439 760 2516 pacto
778 2432 919 2516 posuisse
933 2430 1057 2498 uidetur
1070 2452 1180 2498 uocem
1192 2431 1401 2516 Homericam,

225 2557 290 2603 non
312 2539 415 2623 posuit
439 2544 522 2604 certo
546 2539 684 2607 oonsilio.

542 2706 611 2777 DE
649 2704 1098 2778 PRONOMINIBUS

225 2837 378 2920 quoniam
407 2838 442 2903 id
476 2838 560 2921 quod
591 2840 725 2904 Hoferus
755 2860 786 2923 p.
811 2841 851 2905 16
884 2845 988 2905 monet
1020 2839 1060 2905 de
1082 2859 1140 2905 usu
1172 2838 1325 2905 indefiniti
1358 2839 1401 2905 ad

225 2945 385 3030 syntaxim
422 2945 501 3010 mihi
537 2944 662 3011 uidetur
696 2946 866 3030 pertinere,
908 2946 988 3011 nihil
1029 2952 1076 3011 est
1111 2945 1195 3028 quod
1236 2946 1400 3031 disputem.

227 3051 341 3134 Itaque
364 3050 405 3116 de

693 3165 933 3238 VERBIS

226 3316 368 3399 quaestio
391 3316 456 3381 iarn
478 3316 671 3383 instituenda
693 3324 748 3385 est.
786 3317 895 3384 Ordior
917 3319 958 3384 ab
981 3337 1018 3384 eo
1042 3319 1136 3384 uerbo
1160 3318 1243 3401 quod
1266 3319 1399 3386 Hoferus

226 3423 260 3488 in
283 3424 392 3489 tabula
414 3443 472 3488 sua
494 3444 556 3489 non
578 3424 681 3508 posuit

317 3569 335 3605 *
349 3562 541 3652 ἆγορόομαι.
566 3567 610 3632 VI
626 3568 665 3631 11
680 3566 765 3647 μετὰ
780 3563 817 3630 δὲ
839 3573 902 3629 τῶν
922 3561 1034 3630 Ἰώνων
1049 3564 1278 3647 συλλεχθέντων
1296 3563 1331 3643 ἐς
1342 3568 1400 3655 τὴν

226 3669 349 3757 Λάόνγν
362 3665 521 3756 ἐγίγνοντο
536 3666 668 3759 ἀγοραί,
684 3670 741 3736 καὶ
756 3671 796 3759 δή
809 3671 867 3736 aod
880 3693 942 3761 σςοι
962 3670 1019 3736 καὶ
1039 3670 1132 3736 ἄλλοι
1156 3670 1342 3760 ἠγορόωντο,
1367 3671 1400 3738 ἐν

228 3773 266 3840 δὲ
289 3774 329 3861 δὴ
351 3774 409 3841 καὶ
430 3776 448 3840 ὁ
464 3778 632 3853 Φωκαιεὺς
646 3778 824 3865 στρατηγὸς
836 3777 1008 3855 Λιονόσιος
1021 3776 1121 3864 λέγων
1132 3778 1223 3843 τάδε.
1251 3779 1304 3844 Ad
1317 3799 1399 3862 quae

226 3883 364 3949 Steinius
386 3883 481 3950 haec:
516 3881 730 3973 “qonoorrco,
763 3884 905 3970 episches
935 3886 1023 3951 Wort
1058 3885 1092 3950 in
1122 3885 1265 3970 episoher
1296 3887 1398 3972 Form,

226 4007 339 4073 wegen
369 3989 426 4055 des
456 3990 659 4057 verwandtcn
683 3986 800 4079 ἀγοραί
830 3990 895 4061 und
926 3991 983 4056 mit
1011 3991 1199 4057 ironischem
1220 3993 1398 4059 Rdokblick

227 4095 285 4160 auf
294 4096 412 4162 Stellen
435 4097 545 4164 wiell
569 4096 589 4162 ό
606 4101 622 4163 1
648 4090 680 4161 οὶ
703 4095 739 4161 δὲ
757 4095 826 4161 θεοὶ
838 4098 910 4184 πὰρ
923 4095 1004 4187 Ζηνὶ
1021 4096 1195 4185 καθήμενοι
1209 4095 1397 4184 ἠγορόωντο.

228 4201 451 4269 Gem'achliche
472 4200 705 4288 Redseligkeit,
737 4202 794 4269 der
816 4203 1066 4269 Nationalfehler
1089 4203 1145 4269 der
1167 4205 1260 4269 loner
1287 4205 1398 4292 (vergl.

227 4307 357 4395 11146),
381 4309 534 4392 geniemtc
557 4309 643 4375 ihrer
665 4309 847 4392 damaligen
860 4310 950 4392 Lago
973 4329 1025 4375 am
1047 4309 1247 4392 wenigsten.“
1283 4312 1398 4377 Fateor

227 4410 307 4480 haec
350 4415 494 4481 nonnihil
535 4415 652 4481 habere
688 4416 925 4500 probabilitatis.
988 4414 1108 4493 Quodsi
1147 4415 1322 4483 Herodotus
1359 4437 1396 4483 eo

227 4519 356 4585 consilio
387 4521 433 4586 ibi
463 4521 567 4604 posuit
598 4541 708 4588 uocem
738 4522 931 4604 formamque
963 4521 1133 4606 poeticam,
1170 4529 1204 4587 ut
1235 4523 1397 4607 eleganter

226 4623 384 4692 derideret
418 4628 529 4692 Ionum
569 4627 805 4712 loquacitatem,
840 4648 862 4693 a
892 4632 995 4693 nostro
1027 4628 1183 4713 proposito
1222 4629 1274 4695 hio
1311 4629 1397 4694 locus

1219 4751 1238 4805 4
