3492 5358
786 465 1010 528 ..11-

312 676 424 743 uideas
448 676 544 742 etiam
566 676 680 744 Aesch.
702 677 787 762 Sept.
813 679 908 744 1023.
954 678 1029 744 Luc
1052 679 1190 744 Hermot.
1213 679 1265 761 37,
1289 680 1340 746 81.
1370 679 1488 763 Nauig.

316 784 364 851 15.
388 782 559 851 Herodian.
581 784 632 849 III
655 784 684 868 5,
710 786 760 853 11.
788 784 918 851 Thecor.
941 783 1017 851 XVl
1042 787 1092 851 16.
1124 784 1259 851 Straton.
1283 787 1324 852 71
1350 786 1487 873 (Anthol.

312 891 376 956 XII
390 889 485 978 229);
509 890 542 955 in
564 890 722 975 prouerbii
744 910 803 956 usu
826 897 873 956 est
886 888 966 978 -τρὶς
988 891 1104 955 πτύειν
1127 887 1161 968 ἐς
1183 889 1317 960 κόλπον.
1354 892 1488 977 Saepius

314 996 401 1082 apud
433 998 639 1082 geographos.
689 997 760 1064 ch
791 997 888 1081 igitur
919 998 977 1063 fuit
1009 998 1198 1065 Graecorum
1230 1000 1384 1084 uolgatis,
1415 1000 1489 1065 licet

315 1105 380 1170 iam
403 1104 603 1170 Aristarchus
626 1124 698 1171 eam
720 1104 942 1191 interpretatus
964 1105 1004 1170 sit
1026 1125 1082 1189 per
1104 1103 1277 1188 κόλπωμα.
1325 1106 1369 1175 Cf.
1384 1106 1487 1174 Schol.

255 1210 257 1215 ’
314 1209 439 1279 Ξ219.
464 1215 501 1275 Χ
521 1212 572 1279 50.

405 1352 575 1443 κόρυμβος.
622 1356 682 1422 VH
706 1358 770 1421 218
801 1350 927 1437 οἴχοντο
953 1356 1122 1445 φεύγοντες
1146 1354 1205 1421 ἐπὶ
1228 1360 1290 1422 τοῦ
1311 1351 1404 1446 ίίρεος
1433 1356 1489 1422 τὸν

314 1460 484 1550 κόρυμβον.
531 1462 637 1529 Semel
659 1460 806 1550 κόρυμβα
828 1464 944 1547 legitur
966 1464 1053 1548 apud
1066 1466 1237 1532 Homerum
1252 1465 1285 1530 in
1308 1485 1399 1531 uersu
1418 1485 1489 1531 con·

314 1569 539 1636 olamafissimo
553 1574 574 1633 I
586 1572 649 1636 241
666 1573 801 1636 στεῦται
816 1570 877 1659 γὰρ
891 1574 973 1658 νηῶν
996 1569 1215 1657 ἀποκοφέμεν
1238 1569 1322 1659 όίκρα
1344 1569 1490 1659 κόρυμβα

314 1677 369 1764 (τὰ
392 1680 457 1741 τῶν
478 1679 557 1741 νεῶν
580 1675 782 1764 ἀκροστόλια
800 1678 934 1764 8ο501.);
958 1678 999 1744 de
1022 1698 1083 1762 quo
1106 1680 1174 1745 loco
1197 1678 1352 1762 quidquid
1374 1685 1489 1745 statue

313 1789 370 1868 tur,
395 1790 526 1868 apparet
548 1784 678 1850 minime
700 1805 773 1851 eum
795 1792 953 1870 spectasse
975 1785 1169 1852 Herodotum
1201 1806 1271 1852 cum
1302 1786 1401 1851 uerba
1422 1786 1488 1851 lau·

314 1890 391 1956 data
422 1892 579 1957 scriberet.
626 1893 742 1959 Contra
774 1894 949 1979 exemplum
981 1893 1183 1960 Homericum
1215 1892 1360 1959 uidentur
1392 1892 1490 1959 secuti

314 2017 383 2064 esse
406 2036 448 2045 —
472 2019 530 2065 nec
553 2005 659 2065 tamen
689 2000 756 2065 sine
787 2000 895 2083 aliqua
918 2000 1064 2066 libertate
1087 2039 1129 2047 —
1153 2001 1255 2086 Apoll.
1277 2000 1335 2068 Rh.
1359 2001 1392 2065 II
1415 2002 1489 2083 601,

313 2105 468 2191 Lycophr.
492 2106 566 2185 295,
588 2106 778 2172 Theaetetus
801 2107 905 2173 Schol.
928 2110 949 2173 ‘2
974 2107 1113 2193 (Anthol.
1127 2109 1159 2173 X
1175 2106 1239 2193 16).
1276 2109 1325 2175 De
1339 2107 1490 2193 Aeschyli

311 2214 381 2278 loco
404 2213 459 2296 qui
481 2220 528 2278 est
549 2213 583 2279 in
596 2193 699 2280 Persis
714 2216 777 2281 407
794 2234 859 2297 sqq.
875 2214 997 2281 dubito:
1021 2201 1096 2303 ἦρξε
1122 2213 1150 2279 ‹i'
1165 2212 1308 2304 ἐμβολῆς
1319 2209 1488 2302 Ἑλληνικὴ

313 2324 390 2397 ναῦς
425 2318 629 2409 κάποθραύει
665 2321 778 2385 πάντα
808 2317 989 2410 Φοινίσσης
1017 2321 1097 2399 νεὼς
1128 2320 1269 2410 κόρυμβ’,
1304 2318 1356 2385 ἐπ’
1392 2318 1490 2408 όίλλην

315 2427 342 2492 δ’
366 2425 462 2505 ἄλλος
485 2423 610 2516 ἠ’νθννεν
641 2425 726 2517 δόρυ.
754 2430 857 2494 ‘Nam
885 2430 913 2495 is
943 2436 1024 2496 certe
1056 2437 1150 2515 poeta
1179 2426 1338 2517 κόρυμβος
1367 2448 1490 2511 quoque

314 2535 501 2601 uocabulum
530 2536 626 2601 simili
655 2556 716 2619 quo
746 2535 923 2602 Herodotus
953 2536 1047 2602 modo
1076 2537 1180 2621 posuit
1212 2536 1244 2602 in
1274 2536 1415 2601 eiusdem
1444 2536 1489 2601 fa-

313 2643 406 2708 bulae
429 2662 458 2710 11.
483 2643 563 2709 656;
595 2636 658 2708 ils'
682 2640 736 2706 ἐπ’
759 2641 858 2731 όίκρου
889 2641 1049 2732 κόρυμβον
1077 2639 1179 2725 ipson.
1226 2641 1345 2722 Quodsi
1376 2644 1490 2708 Noster

313 2750 434 2835 poetico
458 2750 553 2816 uerbo
577 2770 649 2815 usus
672 2756 733 2816 est:
763 2771 825 2816 non
848 2751 1033 2836 Homerum,
1062 2750 1118 2818 sed
1141 2751 1245 2817 nescio
1276 2769 1369 2833 quem
1393 2750 1489 2815 alium

314 2864 441 2943 poetam
463 2855 622 2924 uidebitur
644 2877 712 2925 esse
735 2858 882 2926 imitatus.

406 2999 529 3089 κορύνη.
576 2994 713 3067 1590t
746 2995 921 3090 δορυφόροι
944 2997 1004 3084 μὲν
1018 2997 1089 3069 ¹or'rr
1121 2995 1264 3086 ἐγένοντο
1287 2999 1490 3088 Πεισιστρά-

314 3130 380 3185 του,
414 3102 627 3196 κορυνηφόροι
660 3104 713 3173 δέ·
747 3105 846 3185 ξύλων
877 3109 938 3195 γὰρ
970 3108 1102 3195 κορύνας
1134 3102 1257 3188 iporeae
1289 3102 1424 3172 εἵποντό
1458 3102 1488 3172 oi

315 3209 462 3278 όπισθεν.
500 3214 538 3280 In
551 3214 654 3281 Iliade
677 3214 791 3304 κορύνη
815 3211 962 3305 σιδηρείη
980 3222 1109 3281 uocatur
1132 3215 1225 3282 claua
1247 3215 1350 3282 ferrea
1364 3218 1404 3279 H
1417 3216 1490 3299 141,

318 3323 390 3400 143,
422 3328 453 3388 et
475 3322 659 3406 Arelthous,
699 3322 775 3405 quia
808 3324 900 3388 claua
931 3343 1006 3388 usus
1038 3329 1121 3405 erat,
1160 3323 1257 3388 fertur
1288 3322 1390 3389 dictus
1422 3341 1490 3387 esse

314 3427 484 3518 κορυνήτης
508 3431 548 3492 Η
570 3430 642 3497 138.
666 3429 704 3497 of.
728 3432 757 3497 9.
803 3430 938 3514 Saepius
967 3429 1048 3496 haec
1077 3430 1174 3495 uerba
1204 3429 1290 3515 apud
1320 3430 1490 3494 Homerum
1565 3478 1569 3484 .

315 3556 377 3602 non
400 3541 514 3619 extant,
547 3535 604 3602 scd
627 3538 665 3604 cf.
697 3536 768 3603 Eur.
790 3538 897 3622 Suppl
922 3538 996 3604 715.
1026 3537 1157 3605 Theocr.
1180 3537 1241 3602 VII
1268 3538 1317 3603 18.
1363 3535 1488 3602 Aristot.

314 3643 405 3709 Polit.
429 3643 463 3722 V,
490 3645 540 3709 10.
578 3642 671 3711 Diod.
695 3644 739 3708 IV
758 3644 811 3710 59.
858 3639 1084 3733 Κορυνηφόροι
1106 3644 1261 3710 Pisistrati
1292 3642 1490 3708 nominantur

315 3750 412 3817 etiam
443 3770 464 3815 a
495 3750 663 3817 Plutarcho
695 3753 727 3816 in
750 3752 854 3818 Solon.
887 3773 954 3836 cap.
977 3753 1069 3817 XXX
1103 3751 1196 3837 (bis),
1233 3757 1397 3835 praeterea
1429 3770 1490 3815 uox

318 3864 468 3943 usurpata
492 3865 539 3924 est
561 3878 581 3923 a
604 3858 719 3925 Solone
742 3858 827 3943 apud
852 3859 945 3942 Diog.
968 3860 1071 3927 Laert.
1094 3860 1178 3925 166.
1224 3859 1370 3923 Fortasse
1392 3857 1490 3922 Hero-

316 3963 407 4030 dotus
432 3965 472 4030 ab
497 3965 740 4031 Atheniensibus
763 3986 834 4032 eam
857 3965 1006 4032 traditam
1020 3966 1150 4050 accepit.
1195 3965 1238 4032 Ut
1253 3965 1434 4032 Aristoteles
1456 3964 1489 4029 in

315 4092 379 4157 rep.
403 4070 516 4139 Athen.
538 4073 623 4152 XIV,
648 4075 665 4139 1
691 4072 731 4139 de
755 4072 867 4139 eadem
891 4094 924 4139 re
946 4074 1034 4159 ponit
1063 4071 1171 4156 λαβὼν
1201 4069 1238 4138 δὲ
1260 4072 1353 4149 τοὺς
1376 4094 1489 4159 κορο-

316 4173 521 4268 νηφόρους
552 4176 846 4262 καλουμένοοςτ
879 4180 936 4246 sed
967 4201 1006 4246 ne
1028 4180 1108 4246 illud
1130 4178 1259 4262 quidem
1283 4178 1413 4245 dubium
1436 4186 1490 4263 est,

315 4286 392 4370 quin
414 4286 447 4352 in
470 4284 531 4352 hoc
553 4287 659 4353 libello
683 4286 907 4354 conscribendo
937 4289 1063 4372 saepius
1085 4292 1209 4353 secutus
1238 4287 1279 4352 sit
1301 4287 1370 4371 ipsa
1395 4289 1491 4353 uerba

315 4392 474 4462 Herodoti.

404 4530 577 4625 κρόταφοι.
624 4539 716 4605 ΙΙΙ8
747 4532 911 4625 κείρονται
941 4534 979 4601 δὲ
1000 4532 1237 4626 περιτρόχαλα,
1271 4535 1491 4625 ὑποξυρῶντες

316 4642 391 4721 τοὺς
412 4643 603 4732 κροτάφους.
641 4646 686 4712 IV
702 4647 763 4712 187
787 4639 919 4710 καίουσι
942 4645 1003 4721 τὰς
1026 4641 1059 4709 ἑν
1081 4648 1158 4732 τῇσι
1181 4648 1341 4733 κορυφῇσι
1356 4641 1488 4732 φλέβας,
